@article{Boucenna:2014zba,
      author         = "Boucenna, Sofiane M. and Morisi, Stefano and Valle, Jos√©
                        W. F.",
      title          = "{The low-scale approach to neutrino masses}",
      journal        = "Adv. High Energy Phys.",
      volume         = "2014",
      year           = "2014",
      pages          = "831598",
      doi            = "10.1155/2014/831598",
      eprint         = "1404.3751",
      archivePrefix  = "arXiv",
      primaryClass   = "hep-ph",
      SLACcitation   = "%%CITATION = ARXIV:1404.3751;%%"
}