

@article{Dragoun2015,
  author =        {Dragoun, Otokar and Vénos, Drahoslav},
  journal =       {J. Phys.},
  pages =         {77-113},
  title =         {{Constraints on the Active and Sterile Neutrino
                   Masses from Beta-Ray Spectra: Past, Present and
                   Future}},
  volume =        {3},
  year =          {2016},
  doi =           {10.2174/1874843001603010073},
}

@article{Abdurashitov:2017kka,
  author =        {Abdurashitov, J. N. and others},
  journal =       {Pisma Zh. Eksp. Teor. Fiz.},
  note =          {[JETP Lett.105,no.12,753(2017)]},
  number =        {12},
  pages =         {723-724},
  title =         {{First measeurements in search for keV-sterile
                   neutrino in tritium beta-decay by Troitsk nu-mass
                   experiment}},
  volume =        {105},
  year =          {2017},
  doi =           {10.1134/S0021364017120013},
}

@article{Astier2003,
  author =        {Astier, P. and others},
  journal =       {Phys. Lett.},
  pages =         {19-31},
  title =         {{Search for nu(mu) ---> nu(e) oscillations in the
                   NOMAD experiment}},
  volume =        {B570},
  year =          {2003},
  doi =           {10.1016/j.physletb.2003.07.029},
}

@article{Avvakumov2002,
  author =        {Avvakumov, S. and others},
  journal =       {Phys. Rev. Lett.},
  pages =         {011804},
  title =         {{A Search for muon-neutrino ---> electron-neutrino
                   and muon-anti-neutrino ---> electron-anti-neutrino
                   oscillations at NuTeV}},
  volume =        {89},
  year =          {2002},
  doi =           {10.1103/PhysRevLett.89.011804},
}

@article{Cianci2017,
  author =        {Cianci, Davio and Furmanski, Andy and
                   Karagiorgi, Georgia and Ross-Lonergan, Mark},
  journal =       {Phys. Rev.},
  number =        {5},
  pages =         {055001},
  title =         {{Prospects of Light Sterile Neutrino Oscillation and
                   CP Violation Searches at the Fermilab Short Baseline
                   Neutrino Facility}},
  volume =        {D96},
  year =          {2017},
  doi =           {10.1103/PhysRevD.96.055001},
}

@article{Ballett:2018uuc,
  author =        {Ballett, Peter and Hostert, Matheus and
                   Pascoli, Silvia and Perez-Gonzalez, Yuber F. and
                   Tabrizi, Zahra and Zukanovich Funchal, Renata},
  journal =       {JHEP},
  pages =         {119},
  title =         {{Neutrino Trident Scattering at Near Detectors}},
  volume =        {01},
  year =          {2019},
  doi =           {10.1007/JHEP01(2019)119},
}

@article{Ballett:2019cqp,
  author =        {Ballett, Peter and Hostert, Matheus and
                   Pascoli, Silvia},
  title =         {{Neutrino Masses from a Dark Neutrino Sector below
                   the Electroweak Scale}},
  year =          {2019},
}

@article{Ballett:2019pyw,
  author =        {Ballett, Peter and Hostert, Matheus and
                   Pascoli, Silvia},
  title =         {{Dark Neutrinos and a Three Portal Connection to the
                   Standard Model}},
  year =          {2019},
}

@article{Ballett:2019xoj,
  author =        {Ballett, Peter and Hostert, Matheus and
                   Pascoli, Silvia and Perez-Gonzalez, Yuber F. and
                   Tabrizi, Zahra},
  title =         {{$Z^\prime$s in neutrino scattering at DUNE}},
  year =          {2019},
}

@article{Arguelles:2018mtc,
  author =        {Argüelles, Carlos A. and Hostert, Matheus and
                   Tsai, Yu-Dai},
  title =         {{Testing New Physics Explanations of MiniBooNE
                   Anomaly at Neutrino Scattering Experiments}},
  year =          {2018},
}

@article{Yang:1954ek,
  author =        {Yang, Chen-Ning and Mills, Robert L.},
  journal =       {Phys. Rev.},
  note =          {[,150(1954)]},
  pages =         {191-195},
  title =         {{Conservation of Isotopic Spin and Isotopic Gauge
                   Invariance}},
  volume =        {96},
  year =          {1954},
  doi =           {10.1103/PhysRev.96.191},
}

@article{Glashow:1961tr,
  author =        {Glashow, S. L.},
  journal =       {Nucl. Phys.},
  pages =         {579-588},
  title =         {{Partial Symmetries of Weak Interactions}},
  volume =        {22},
  year =          {1961},
  doi =           {10.1016/0029-5582(61)90469-2},
}

@article{Weinberg:1967tq,
  author =        {Weinberg, Steven},
  journal =       {Phys. Rev. Lett.},
  pages =         {1264-1266},
  title =         {{A Model of Leptons}},
  volume =        {19},
  year =          {1967},
  doi =           {10.1103/PhysRevLett.19.1264},
}

@article{Salam:1968rm,
  author =        {Salam, Abdus},
  booktitle =     {{8th Nobel Symposium Lerum, Sweden, May 19-25, 1968}},
  journal =       {Conf. Proc.},
  pages =         {367-377},
  title =         {{Weak and Electromagnetic Interactions}},
  volume =        {C680519},
  year =          {1968},
}

@article{Higgs:1964ia,
  author =        {Higgs, Peter W.},
  journal =       {Phys. Lett.},
  pages =         {132-133},
  title =         {{Broken symmetries, massless particles and gauge
                   fields}},
  volume =        {12},
  year =          {1964},
  doi =           {10.1016/0031-9163(64)91136-9},
}

@article{Higgs:1964pj,
  author =        {Higgs, Peter W.},
  journal =       {Phys. Rev. Lett.},
  note =          {[,160(1964)]},
  pages =         {508-509},
  title =         {{Broken Symmetries and the Masses of Gauge Bosons}},
  volume =        {13},
  year =          {1964},
  doi =           {10.1103/PhysRevLett.13.508},
}

@article{Chatrchyan:2012xdj,
  author =        {Chatrchyan, Serguei and others},
  journal =       {Phys. Lett.},
  pages =         {30-61},
  title =         {{Observation of a new boson at a mass of 125 GeV with
                   the CMS experiment at the LHC}},
  volume =        {B716},
  year =          {2012},
  doi =           {10.1016/j.physletb.2012.08.021},
}

@article{Aad:2012tfa,
  author =        {Aad, Georges and others},
  journal =       {Phys. Lett.},
  pages =         {1-29},
  title =         {{Observation of a new particle in the search for the
                   Standard Model Higgs boson with the ATLAS detector at
                   the LHC}},
  volume =        {B716},
  year =          {2012},
  doi =           {10.1016/j.physletb.2012.08.020},
}

@article{Zweig:1981pd,
  author =        {Zweig, G.},
  title =         {{An SU(3) model for strong interaction symmetry and
                   its breaking. Version 1}},
  year =          {1964},
}

@article{GellMann:1964nj,
  author =        {Gell-Mann, Murray},
  journal =       {Phys. Lett.},
  pages =         {214-215},
  title =         {{A Schematic Model of Baryons and Mesons}},
  volume =        {8},
  year =          {1964},
  doi =           {10.1016/S0031-9163(64)92001-3},
}

@article{Gross:1973id,
  author =        {Gross, David J. and Wilczek, Frank},
  journal =       {Phys. Rev. Lett.},
  note =          {[,271(1973)]},
  pages =         {1343-1346},
  title =         {{Ultraviolet Behavior of Nonabelian Gauge Theories}},
  volume =        {30},
  year =          {1973},
  doi =           {10.1103/PhysRevLett.30.1343},
}

@article{Politzer:1973fx,
  author =        {Politzer, H. David},
  journal =       {Phys. Rev. Lett.},
  note =          {[,274(1973)]},
  pages =         {1346-1349},
  title =         {{Reliable Perturbative Results for Strong
                   Interactions?}},
  volume =        {30},
  year =          {1973},
  doi =           {10.1103/PhysRevLett.30.1346},
}

@article{Nakano:1953zz,
  author =        {Nakano, T. and Nishijima, K.},
  journal =       {Prog. Theor. Phys.},
  pages =         {581-582},
  title =         {{Charge Independence for V-particles}},
  volume =        {10},
  year =          {1953},
  doi =           {10.1143/PTP.10.581},
}

@article{Gell-Mann:1956iqa,
  author =        {Gell-Mann, M.},
  journal =       {Nuovo Cim.},
  number =        {S2},
  pages =         {848-866},
  title =         {{The interpretation of the new particles as displaced
                   charge multiplets}},
  volume =        {4},
  year =          {1956},
  doi =           {10.1007/BF02748000},
}

@article{Hasert:1973ff,
  author =        {Hasert, F. J. and others},
  booktitle =     {{30 years of weak neutral currents}},
  journal =       {Phys. Lett.},
  note =          {[,5.15(1973)]},
  pages =         {138-140},
  title =         {{Observation of Neutrino Like Interactions Without
                   Muon Or Electron in the Gargamelle Neutrino
                   Experiment}},
  volume =        {B46},
  year =          {1973},
  doi =           {10.1016/0370-2693(73)90499-1},
}

@article{PDG,
  author =        {Tanabashi, M. and others},
  journal =       {Phys. Rev.},
  number =        {3},
  pages =         {030001},
  title =         {{Review of Particle Physics}},
  volume =        {D98},
  year =          {2018},
  doi =           {10.1103/PhysRevD.98.030001},
}

@article{ALEPH:2005ab,
  author =        {Schael, S. and others},
  journal =       {Phys. Rept.},
  pages =         {257-454},
  title =         {{Precision electroweak measurements on the $Z$
                   resonance}},
  volume =        {427},
  year =          {2006},
  doi =           {10.1016/j.physrep.2005.12.006},
}

@article{Faddeev:1967fc,
  author =        {Faddeev, L. D. and Popov, V. N.},
  journal =       {Phys. Lett.},
  note =          {[,325(1967)]},
  pages =         {29-30},
  title =         {{Feynman Diagrams for the Yang-Mills Field}},
  volume =        {B25},
  year =          {1967},
  doi =           {10.1016/0370-2693(67)90067-6},
}

@article{Cornwall:1974km,
  author =        {Cornwall, John M. and Levin, David N. and
                   Tiktopoulos, George},
  journal =       {Phys. Rev.},
  note =          {[Erratum: Phys. Rev.D11,972(1975)]},
  pages =         {1145},
  title =         {{Derivation of Gauge Invariance from High-Energy
                   Unitarity Bounds on the s Matrix}},
  volume =        {D10},
  year =          {1974},
  doi =           {10.1103/PhysRevD.10.1145, 10.1103/PhysRevD.11.972},
}

@article{LlewellynSmith:1973yud,
  author =        {Llewellyn Smith, C. H.},
  journal =       {Phys. Lett.},
  pages =         {233-236},
  title =         {{High-Energy Behavior and Gauge Symmetry}},
  volume =        {46B},
  year =          {1973},
  doi =           {10.1016/0370-2693(73)90692-8},
}

@article{Cabibbo:1963yz,
  author =        {Cabibbo, Nicola},
  booktitle =     {{Meeting of the Italian School of Physics and Weak
                   Interactions Bologna, Italy, April 26-28, 1984}},
  journal =       {Phys. Rev. Lett.},
  note =          {[,648(1963)]},
  pages =         {531-533},
  title =         {{Unitary Symmetry and Leptonic Decays}},
  volume =        {10},
  year =          {1963},
  doi =           {10.1103/PhysRevLett.10.531},
}

@article{Kobayashi:1973fv,
  author =        {Kobayashi, Makoto and Maskawa, Toshihide},
  journal =       {Prog. Theor. Phys.},
  pages =         {652-657},
  title =         {{CP Violation in the Renormalizable Theory of Weak
                   Interaction}},
  volume =        {49},
  year =          {1973},
  doi =           {10.1143/PTP.49.652},
}

@article{Kirzhnits:1972ut,
  author =        {Kirzhnits, D. A. and Linde, Andrei D.},
  journal =       {Phys. Lett.},
  pages =         {471-474},
  title =         {{Macroscopic Consequences of the Weinberg Model}},
  volume =        {42B},
  year =          {1972},
  doi =           {10.1016/0370-2693(72)90109-8},
}

@article{Dolan:1973qd,
  author =        {Dolan, L. and Jackiw, R.},
  journal =       {Phys. Rev.},
  pages =         {3320-3341},
  title =         {{Symmetry Behavior at Finite Temperature}},
  volume =        {D9},
  year =          {1974},
  doi =           {10.1103/PhysRevD.9.3320},
}

@article{Weinberg:1974hy,
  author =        {Weinberg, Steven},
  journal =       {Phys. Rev.},
  pages =         {3357-3378},
  title =         {{Gauge and Global Symmetries at High Temperature}},
  volume =        {D9},
  year =          {1974},
  doi =           {10.1103/PhysRevD.9.3357},
}

@article{Cabibbo:1979ay,
  author =        {Cabibbo, N. and Maiani, L. and Parisi, G. and
                   Petronzio, R.},
  journal =       {Nucl. Phys.},
  pages =         {295-305},
  title =         {{Bounds on the Fermions and Higgs Boson Masses in
                   Grand Unified Theories}},
  volume =        {B158},
  year =          {1979},
  doi =           {10.1016/0550-3213(79)90167-6},
}

@article{Degrassi:2012ry,
  author =        {Degrassi, Giuseppe and Di Vita, Stefano and
                   Elias-Miro, Joan and Espinosa, Jose R. and
                   Giudice, Gian F. and Isidori, Gino and
                   Strumia, Alessandro},
  journal =       {JHEP},
  pages =         {098},
  title =         {{Higgs mass and vacuum stability in the Standard
                   Model at NNLO}},
  volume =        {08},
  year =          {2012},
  doi =           {10.1007/JHEP08(2012)098},
}

@article{Crewther:1979pi,
  author =        {Crewther, R. J. and Di Vecchia, P. and Veneziano, G. and
                   Witten, Edward},
  journal =       {Phys. Lett.},
  note =          {[Erratum: Phys. Lett.91B,487(1980)]},
  pages =         {123},
  title =         {{Chiral Estimate of the Electric Dipole Moment of the
                   Neutron in Quantum Chromodynamics}},
  volume =        {88B},
  year =          {1979},
  doi =           {10.1016/0370-2693(80)91025-4,
                   10.1016/0370-2693(79)90128-X},
}

@article{Afach:2015sja,
  author =        {Pendlebury, J. M. and others},
  journal =       {Phys. Rev.},
  number =        {9},
  pages =         {092003},
  title =         {{Revised experimental upper limit on the electric
                   dipole moment of the neutron}},
  volume =        {D92},
  year =          {2015},
  doi =           {10.1103/PhysRevD.92.092003},
}

@article{Peccei:1977ur,
  author =        {Peccei, R. D. and Quinn, Helen R.},
  journal =       {Phys. Rev.},
  pages =         {1791-1797},
  title =         {{Constraints Imposed by CP Conservation in the
                   Presence of Instantons}},
  volume =        {D16},
  year =          {1977},
  doi =           {10.1103/PhysRevD.16.1791},
}

@article{Zwicky:1933gu,
  author =        {Zwicky, F.},
  journal =       {Helv. Phys. Acta},
  note =          {[Gen. Rel. Grav.41,207(2009)]},
  pages =         {110-127},
  title =         {{Die Rotverschiebung von extragalaktischen Nebeln}},
  volume =        {6},
  year =          {1933},
  doi =           {10.1007/s10714-008-0707-4},
}

@article{Rubin:1970zza,
  author =        {Rubin, Vera C. and Ford, Jr., W. Kent},
  journal =       {Astrophys. J.},
  pages =         {379-403},
  title =         {{Rotation of the Andromeda Nebula from a
                   Spectroscopic Survey of Emission Regions}},
  volume =        {159},
  year =          {1970},
  doi =           {10.1086/150317},
}

@article{Akrami:2018vks,
  author =        {Akrami, Y. and others},
  title =         {{Planck 2018 results. I. Overview and the
                   cosmological legacy of Planck}},
  year =          {2018},
}

@article{Clowe:2006eq,
  author =        {Clowe, Douglas and Bradac, Marusa and
                   Gonzalez, Anthony H. and Markevitch, Maxim and
                   Randall, Scott W. and Jones, Christine and
                   Zaritsky, Dennis},
  journal =       {Astrophys. J.},
  pages =         {L109-L113},
  title =         {{A direct empirical proof of the existence of dark
                   matter}},
  volume =        {648},
  year =          {2006},
  doi =           {10.1086/508162},
}

@article{Blumenthal:1984bp,
  author =        {Blumenthal, George R. and Faber, S. M. and
                   Primack, Joel R. and Rees, Martin J.},
  journal =       {Nature},
  note =          {[,96(1984)]},
  pages =         {517-525},
  title =         {{Formation of Galaxies and Large Scale Structure with
                   Cold Dark Matter}},
  volume =        {311},
  year =          {1984},
  doi =           {10.1038/311517a0},
}

@article{Cooke:2013cba,
  author =        {Cooke, Ryan and Pettini, Max and Jorgenson, Regina A. and
                   Murphy, Michael T. and Steidel, Charles C.},
  journal =       {Astrophys. J.},
  number =        {1},
  pages =         {31},
  title =         {{Precision measures of the primordial abundance of
                   deuterium}},
  volume =        {781},
  year =          {2014},
  doi =           {10.1088/0004-637X/781/1/31},
}

@article{Famaey:2011kh,
  author =        {Famaey, Benoit and McGaugh, Stacy},
  journal =       {Living Rev. Rel.},
  pages =         {10},
  title =         {{Modified Newtonian Dynamics (MOND): Observational
                   Phenomenology and Relativistic Extensions}},
  volume =        {15},
  year =          {2012},
  doi =           {10.12942/lrr-2012-10},
}

@article{Barack:2018yly,
  author =        {Barack, Leor and others},
  journal =       {Class. Quant. Grav.},
  number =        {14},
  pages =         {143001},
  title =         {{Black holes, gravitational waves and fundamental
                   physics: a roadmap}},
  volume =        {36},
  year =          {2019},
  doi =           {10.1088/1361-6382/ab0587},
}

@article{Boehm:2003hm,
  author =        {Boehm, C. and Fayet, Pierre},
  journal =       {Nucl. Phys.},
  pages =         {219-263},
  title =         {{Scalar dark matter candidates}},
  volume =        {B683},
  year =          {2004},
  doi =           {10.1016/j.nuclphysb.2004.01.015},
}

@article{Boehm:2003ha,
  author =        {Boehm, C. and Fayet, Pierre and Silk, J.},
  journal =       {Phys. Rev.},
  pages =         {101302},
  title =         {{Light and heavy dark matter particles}},
  volume =        {D69},
  year =          {2004},
  doi =           {10.1103/PhysRevD.69.101302},
}

@inproceedings{Alexander:2016aln,
  author =        {Alexander, Jim and others},
  title =         {{Dark Sectors 2016 Workshop: Community Report}},
  year =          {2016},
  url =           {http://lss.fnal.gov/archive/2016/conf/
                  fermilab-conf-16-421.pdf},
}

@article{Craig:2013xia,
  author =        {Craig, Nathaniel and Englert, Christoph and
                   McCullough, Matthew},
  journal =       {Phys. Rev. Lett.},
  number =        {12},
  pages =         {121803},
  title =         {{New Probe of Naturalness}},
  volume =        {111},
  year =          {2013},
  doi =           {10.1103/PhysRevLett.111.121803},
}

@article{Heeck:2014zfa,
  author =        {Heeck, Julian},
  journal =       {Phys. Lett.},
  pages =         {256-262},
  title =         {{Unbroken B – L symmetry}},
  volume =        {B739},
  year =          {2014},
  doi =           {10.1016/j.physletb.2014.10.067},
}

@article{Minkowski:1977sc,
  author =        {Minkowski, Peter},
  journal =       {Phys. Lett.},
  pages =         {421-428},
  title =         {{$\mu \to e\gamma$ at a Rate of One Out of $10^{9}$
                   Muon Decays?}},
  volume =        {67B},
  year =          {1977},
  doi =           {10.1016/0370-2693(77)90435-X},
}

@article{Mohapatra:1979ia,
  author =        {Mohapatra, Rabindra N. and Senjanovic, Goran},
  journal =       {Phys. Rev. Lett.},
  note =          {[,231(1979)]},
  pages =         {912},
  title =         {{Neutrino Mass and Spontaneous Parity Violation}},
  volume =        {44},
  year =          {1980},
  doi =           {10.1103/PhysRevLett.44.912},
}

@article{Yanagida:1979as,
  author =        {Yanagida, Tsutomu},
  booktitle =     {{Proceedings: Workshop on the Unified Theories and
                   the Baryon Number in the Universe: Tsukuba, Japan,
                   February 13-14, 1979}},
  journal =       {Conf. Proc.},
  pages =         {95-99},
  title =         {{HORIZONTAL SYMMETRY AND MASSES OF NEUTRINOS}},
  volume =        {C7902131},
  year =          {1979},
}

@article{GellMann:1980vs,
  author =        {Gell-Mann, Murray and Ramond, Pierre and
                   Slansky, Richard},
  booktitle =     {{Supergravity Workshop Stony Brook, New York,
                   September 27-28, 1979}},
  journal =       {Conf. Proc.},
  pages =         {315-321},
  title =         {{Complex Spinors and Unified Theories}},
  volume =        {C790927},
  year =          {1979},
}

@article{Konetschny:1977bn,
  author =        {Konetschny, W. and Kummer, W.},
  journal =       {Phys. Lett.},
  pages =         {433-435},
  title =         {{Nonconservation of Total Lepton Number with Scalar
                   Bosons}},
  volume =        {70B},
  year =          {1977},
  doi =           {10.1016/0370-2693(77)90407-5},
}

@article{Cheng:1980qt,
  author =        {Cheng, T. P. and Li, Ling-Fong},
  journal =       {Phys. Rev.},
  pages =         {2860},
  title =         {{Neutrino Masses, Mixings and Oscillations in SU(2) x
                   U(1) Models of Electroweak Interactions}},
  volume =        {D22},
  year =          {1980},
  doi =           {10.1103/PhysRevD.22.2860},
}

@article{Lazarides:1980nt,
  author =        {Lazarides, George and Shafi, Q. and Wetterich, C.},
  journal =       {Nucl. Phys.},
  pages =         {287-300},
  title =         {{Proton Lifetime and Fermion Masses in an SO(10)
                   Model}},
  volume =        {B181},
  year =          {1981},
  doi =           {10.1016/0550-3213(81)90354-0},
}

@article{Schechter:1980gr,
  author =        {Schechter, J. and Valle, J. W. F.},
  journal =       {Phys. Rev.},
  pages =         {2227},
  title =         {{Neutrino Masses in SU(2) x U(1) Theories}},
  volume =        {D22},
  year =          {1980},
  doi =           {10.1103/PhysRevD.22.2227},
}

@article{Mohapatra:1980yp,
  author =        {Mohapatra, Rabindra N. and Senjanovic, Goran},
  journal =       {Phys. Rev.},
  pages =         {165},
  title =         {{Neutrino Masses and Mixings in Gauge Models with
                   Spontaneous Parity Violation}},
  volume =        {D23},
  year =          {1981},
  doi =           {10.1103/PhysRevD.23.165},
}

@article{Foot:1988aq,
  author =        {Foot, Robert and Lew, H. and He, X. G. and
                   Joshi, Girish C.},
  journal =       {Z. Phys.},
  pages =         {441},
  title =         {{Seesaw Neutrino Masses Induced by a Triplet of
                   Leptons}},
  volume =        {C44},
  year =          {1989},
  doi =           {10.1007/BF01415558},
}

@article{Casas:2001sr,
  author =        {Casas, J. A. and Ibarra, A.},
  journal =       {Nucl. Phys.},
  pages =         {171-204},
  title =         {{Oscillating neutrinos and muon ---> e, gamma}},
  volume =        {B618},
  year =          {2001},
  doi =           {10.1016/S0550-3213(01)00475-8},
}

@article{Arhrib:2011uy,
  author =        {Arhrib, A. and Benbrik, R. and Chabab, M. and
                   Moultaka, G. and Peyranere, M. C. and Rahili, L. and
                   Ramadan, J.},
  journal =       {Phys. Rev.},
  pages =         {095005},
  title =         {{The Higgs Potential in the Type II Seesaw Model}},
  volume =        {D84},
  year =          {2011},
  doi =           {10.1103/PhysRevD.84.095005},
}

@article{Mohapatra:1986bd,
  author =        {Mohapatra, R. N. and Valle, J. W. F.},
  booktitle =     {{Sixty years of double beta decay: From nuclear
                   physics to beyond standard model particle physics}},
  journal =       {Phys. Rev.},
  note =          {[,235(1986)]},
  pages =         {1642},
  title =         {{Neutrino Mass and Baryon Number Nonconservation in
                   Superstring Models}},
  volume =        {D34},
  year =          {1986},
  doi =           {10.1103/PhysRevD.34.1642},
}

@article{GonzalezGarcia:1988rw,
  author =        {Gonzalez-Garcia, M. C. and Valle, J. W. F.},
  journal =       {Phys. Lett.},
  pages =         {360-366},
  title =         {{Fast Decaying Neutrinos and Observable Flavor
                   Violation in a New Class of Majoron Models}},
  volume =        {B216},
  year =          {1989},
  doi =           {10.1016/0370-2693(89)91131-3},
}

@article{Wyler:1982dd,
  author =        {Wyler, D. and Wolfenstein, L.},
  journal =       {Nucl. Phys.},
  pages =         {205-214},
  title =         {{Massless Neutrinos in Left-Right Symmetric Models}},
  volume =        {B218},
  year =          {1983},
  doi =           {10.1016/0550-3213(83)90482-0},
}

@article{Akhmedov:1995ip,
  author =        {Akhmedov, Evgeny K. and Lindner, Manfred and
                   Schnapka, Erhard and Valle, J. W. F.},
  journal =       {Phys. Lett.},
  pages =         {270-280},
  title =         {{Left-right symmetry breaking in NJL approach}},
  volume =        {B368},
  year =          {1996},
  doi =           {10.1016/0370-2693(95)01504-3},
}

@article{Akhmedov:1995vm,
  author =        {Akhmedov, Evgeny K. and Lindner, Manfred and
                   Schnapka, Erhard and Valle, J. W. F.},
  journal =       {Phys. Rev.},
  pages =         {2752-2780},
  title =         {{Dynamical left-right symmetry breaking}},
  volume =        {D53},
  year =          {1996},
  doi =           {10.1103/PhysRevD.53.2752},
}

@article{Kang:2006sn,
  author =        {Kang, Sin Kyu and Kim, C. S.},
  journal =       {Phys. Lett.},
  pages =         {248-252},
  title =         {{Extended double seesaw model for neutrino mass
                   spectrum and low scale leptogenesis}},
  volume =        {B646},
  year =          {2007},
  doi =           {10.1016/j.physletb.2006.12.071},
}

@article{Barry:2011wb,
  author =        {Barry, James and Rodejohann, Werner and Zhang, He},
  journal =       {JHEP},
  pages =         {091},
  title =         {{Light Sterile Neutrinos: Models and Phenomenology}},
  volume =        {07},
  year =          {2011},
  doi =           {10.1007/JHEP07(2011)091},
}

@article{Zhang:2011vh,
  author =        {Zhang, He},
  journal =       {Phys. Lett.},
  pages =         {262-266},
  title =         {{Light Sterile Neutrino in the Minimal Extended
                   Seesaw}},
  volume =        {B714},
  year =          {2012},
  doi =           {10.1016/j.physletb.2012.06.074},
}

@article{LopezPavon:2012zg,
  author =        {Lopez-Pavon, J. and Pascoli, S. and Wong, Chan-fai},
  journal =       {Phys. Rev.},
  number =        {9},
  pages =         {093007},
  title =         {{Can heavy neutrinos dominate neutrinoless double
                   beta decay?}},
  volume =        {D87},
  year =          {2013},
  doi =           {10.1103/PhysRevD.87.093007},
}

@article{Ma:2006km,
  author =        {Ma, Ernest},
  journal =       {Phys. Rev.},
  pages =         {077301},
  title =         {{Verifiable radiative seesaw mechanism of neutrino
                   mass and dark matter}},
  volume =        {D73},
  year =          {2006},
  doi =           {10.1103/PhysRevD.73.077301},
}

@article{Krauss:2002px,
  author =        {Krauss, Lawrence M. and Nasri, Salah and
                   Trodden, Mark},
  journal =       {Phys. Rev.},
  pages =         {085002},
  title =         {{A Model for neutrino masses and dark matter}},
  volume =        {D67},
  year =          {2003},
  doi =           {10.1103/PhysRevD.67.085002},
}

@article{Pontecorvo:1957qd,
  author =        {Pontecorvo, B.},
  journal =       {Sov. Phys. JETP},
  note =          {[Zh. Eksp. Teor. Fiz.34,247(1957)]},
  pages =         {172-173},
  title =         {{Inverse beta processes and nonconservation of lepton
                   charge}},
  volume =        {7},
  year =          {1958},
}

@article{Maki:1962mu,
  author =        {Maki, Ziro and Nakagawa, Masami and Sakata, Shoichi},
  journal =       {Prog. Theor. Phys.},
  note =          {[,34(1962)]},
  pages =         {870-880},
  title =         {{Remarks on the unified model of elementary
                   particles}},
  volume =        {28},
  year =          {1962},
  doi =           {10.1143/PTP.28.870},
}

@article{Schwetz:2011qt,
  author =        {Schwetz, Thomas and Tortola, Mariam and
                   Valle, J. W. F.},
  journal =       {New J. Phys.},
  pages =         {063004},
  title =         {{Global neutrino data and recent reactor fluxes:
                   status of three-flavour oscillation parameters}},
  volume =        {13},
  year =          {2011},
  doi =           {10.1088/1367-2630/13/6/063004},
}

@article{Gonzalez-Garcia:2014bfa,
  author =        {Gonzalez-Garcia, M. C. and Maltoni, Michele and
                   Schwetz, Thomas},
  journal =       {JHEP},
  pages =         {052},
  title =         {{Updated fit to three neutrino mixing: status of
                   leptonic CP violation}},
  volume =        {11},
  year =          {2014},
  doi =           {10.1007/JHEP11(2014)052},
}

@article{Esteban:2018azc,
  author =        {Esteban, Ivan and Gonzalez-Garcia, M. C. and
                   Hernandez-Cabezudo, Alvaro and Maltoni, Michele and
                   Schwetz, Thomas},
  journal =       {JHEP},
  pages =         {106},
  title =         {{Global analysis of three-flavour neutrino
                   oscillations: synergies and tensions in the
                   determination of $\theta_23, \delta_CP$, and the mass
                   ordering}},
  volume =        {01},
  year =          {2019},
  doi =           {10.1007/JHEP01(2019)106},
}

@article{Cardall:1999ze,
  author =        {Cardall, Christian Y.},
  journal =       {Phys. Rev.},
  pages =         {073006},
  title =         {{Coherence of neutrino flavor mixing in quantum field
                   theory}},
  volume =        {D61},
  year =          {2000},
  doi =           {10.1103/PhysRevD.61.073006},
}

@article{Beuthe:2001rc,
  author =        {Beuthe, Mikael},
  journal =       {Phys. Rept.},
  pages =         {105-218},
  title =         {{Oscillations of neutrinos and mesons in quantum
                   field theory}},
  volume =        {375},
  year =          {2003},
  doi =           {10.1016/S0370-1573(02)00538-0},
}

@article{Giunti:2002xg,
  author =        {Giunti, C.},
  journal =       {JHEP},
  pages =         {017},
  title =         {{Neutrino wave packets in quantum field theory}},
  volume =        {11},
  year =          {2002},
  doi =           {10.1088/1126-6708/2002/11/017},
}

@article{Akhmedov:2010ms,
  author =        {Akhmedov, Evgeny Kh. and Kopp, Joachim},
  journal =       {JHEP},
  note =          {[Erratum: JHEP10,052(2013)]},
  pages =         {008},
  title =         {{Neutrino Oscillations: Quantum Mechanics vs. Quantum
                   Field Theory}},
  volume =        {04},
  year =          {2010},
  doi =           {10.1007/JHEP04(2010)008, 10.1007/JHEP10(2013)052},
}

@article{Kobach:2017osm,
  author =        {Kobach, Andrew and Manohar, Aneesh V. and
                   McGreevy, John},
  journal =       {Phys. Lett.},
  pages =         {59-75},
  title =         {{Neutrino Oscillation Measurements Computed in
                   Quantum Field Theory}},
  volume =        {B783},
  year =          {2018},
  doi =           {10.1016/j.physletb.2018.06.021},
}

@article{Cozzella:2018zwm,
  author =        {Cozzella, Gabriel and Giunti, Carlo},
  journal =       {Phys. Rev.},
  number =        {9},
  pages =         {096010},
  title =         {{Mixed states for mixing neutrinos}},
  volume =        {D98},
  year =          {2018},
  doi =           {10.1103/PhysRevD.98.096010},
}

@article{Notzold:1987ik,
  author =        {Notzold, Dirk and Raffelt, Georg},
  journal =       {Nucl. Phys.},
  pages =         {924-936},
  title =         {{Neutrino Dispersion at Finite Temperature and
                   Density}},
  volume =        {B307},
  year =          {1988},
  doi =           {10.1016/0550-3213(88)90113-7},
}

@article{Nieves:1989ez,
  author =        {Nieves, Jose F.},
  journal =       {Phys. Rev.},
  pages =         {866},
  title =         {{Neutrinos in a Medium}},
  volume =        {D40},
  year =          {1989},
  doi =           {10.1103/PhysRevD.40.866},
}

@article{Weldon:1982aq,
  author =        {Weldon, H. Arthur},
  journal =       {Phys. Rev.},
  pages =         {1394},
  title =         {{Covariant Calculations at Finite Temperature: The
                   Relativistic Plasma}},
  volume =        {D26},
  year =          {1982},
  doi =           {10.1103/PhysRevD.26.1394},
}

@article{DOlivo:1992lwg,
  author =        {D'Olivo, Juan Carlos and Nieves, Jose F. and
                   Torres, Manuel},
  journal =       {Phys. Rev.},
  pages =         {1172-1179},
  title =         {{Finite temperature corrections to the effective
                   potential of neutrinos in a medium}},
  volume =        {D46},
  year =          {1992},
  doi =           {10.1103/PhysRevD.46.1172},
}

@article{Botella:1986wy,
  author =        {Botella, F. J. and Lim, C. S. and Marciano, W. J.},
  journal =       {Phys. Rev.},
  pages =         {896},
  title =         {{Radiative Corrections to Neutrino Indices of
                   Refraction}},
  volume =        {D35},
  year =          {1987},
  doi =           {10.1103/PhysRevD.35.896},
}

@article{Aliaga:2016oaz,
  author =        {Aliaga, L. and others},
  journal =       {Phys. Rev.},
  note =          {[Addendum: Phys. Rev.D95,no.3,039903(2017)]},
  number =        {9},
  pages =         {092005},
  title =         {{Neutrino Flux Predictions for the NuMI Beam}},
  volume =        {D94},
  year =          {2016},
  doi =           {10.1103/PhysRevD.94.092005,
                   10.1103/PhysRevD.95.039903},
}

@article{Betancourt:2018bpu,
  author =        {Betancourt, M. and others},
  booktitle =     {{TENSIONS 2016 Pittsburgh, PA, USA, July 24-31,
                   2016}},
  journal =       {Phys. Rept.},
  pages =         {1-28},
  title =         {{Comparisons and Challenges of Modern Neutrino
                   Scattering Experiments (TENSIONS2016 Report)}},
  volume =        {773-774},
  year =          {2018},
  doi =           {10.1016/j.physrep.2018.08.003},
}

@article{AguilarArevalo:2010zc,
  author =        {Aguilar-Arevalo, A. A. and others},
  journal =       {Phys. Rev.},
  pages =         {092005},
  title =         {{First Measurement of the Muon Neutrino Charged
                   Current Quasielastic Double Differential Cross
                   Section}},
  volume =        {D81},
  year =          {2010},
  doi =           {10.1103/PhysRevD.81.092005},
}

@article{Nieves:2011yp,
  author =        {Nieves, J. and Ruiz Simo, I. and
                   Vicente Vacas, M. J.},
  journal =       {Phys. Lett.},
  pages =         {72-75},
  title =         {{The nucleon axial mass and the MiniBooNE
                   Quasielastic Neutrino-Nucleus Scattering problem}},
  volume =        {B707},
  year =          {2012},
  doi =           {10.1016/j.physletb.2011.11.061},
}

@article{Hernandez:2009vm,
  author =        {Hernandez, E. and Nieves, J. and
                   Vicente-Vacas, M. J.},
  journal =       {Phys. Rev.},
  pages =         {013003},
  title =         {{Neutrino Induced Coherent Pion Production off Nuclei
                   and PCAC}},
  volume =        {D80},
  year =          {2009},
  doi =           {10.1103/PhysRevD.80.013003},
}

@article{Andreopoulos:2009rq,
  author =        {Andreopoulos, C. and others},
  journal =       {Nucl. Instrum. Meth.},
  pages =         {87-104},
  title =         {{The GENIE Neutrino Monte Carlo Generator}},
  volume =        {A614},
  year =          {2010},
  doi =           {10.1016/j.nima.2009.12.009},
}

@article{Buss:2011mx,
  author =        {Buss, O. and Gaitanos, T. and Gallmeister, K. and
                   van Hees, H. and Kaskulov, M. and Lalakulich, O. and
                   Larionov, A. B. and Leitner, T. and Weil, J. and
                   Mosel, U.},
  journal =       {Phys. Rept.},
  pages =         {1-124},
  title =         {{Transport-theoretical Description of Nuclear
                   Reactions}},
  volume =        {512},
  year =          {2012},
  doi =           {10.1016/j.physrep.2011.12.001},
}

@article{Hayato:2002sd,
  author =        {Hayato, Y.},
  booktitle =     {{Proceedings, 1st International Workshop on
                   Neutrino-nucleus interactions in the few GeV region
                   (NuInt 01): Tsukuba, Japan, December 13-16, 2001}},
  journal =       {Nucl. Phys. Proc. Suppl.},
  note =          {[,171(2002)]},
  pages =         {171-176},
  title =         {{NEUT}},
  volume =        {112},
  year =          {2002},
  doi =           {10.1016/S0920-5632(02)01759-0},
}

@article{Juszczak:2005zs,
  author =        {Juszczak, Cezary and Nowak, Jaroslaw A. and
                   Sobczyk, Jan T.},
  booktitle =     {{NuInt05, proceedings of the 4th International
                   Workshop on Neutrino-Nucleus Interactions in the
                   Few-GeV Region, Okayama, Japan, 26-29 September
                   2005}},
  journal =       {Nucl. Phys. Proc. Suppl.},
  note =          {[,211(2005)]},
  pages =         {211-216},
  title =         {{Simulations from a new neutrino event generator}},
  volume =        {159},
  year =          {2006},
  doi =           {10.1016/j.nuclphysbps.2006.08.069},
}

@article{Czyz:1964zz,
  author =        {Czyz, W. and Sheppey, G. C. and Walecka, J. D.},
  journal =       {Nuovo Cim.},
  pages =         {404-435},
  title =         {{Neutrino production of lepton pairs through the
                   point four-fermion interaction}},
  volume =        {34},
  year =          {1964},
  doi =           {10.1007/BF02734586},
}

@article{Lovseth:1971vv,
  author =        {Lovseth, J. and Radomiski, M.},
  journal =       {Phys. Rev.},
  pages =         {2686-2706},
  title =         {{Kinematical distributions of neutrino-produced
                   lepton triplets}},
  volume =        {D3},
  year =          {1971},
  doi =           {10.1103/PhysRevD.3.2686},
}

@article{Fujikawa:1971nx,
  author =        {Fujikawa, K.},
  journal =       {Annals Phys.},
  pages =         {102-162},
  title =         {{The self-coupling of weak lepton currents in
                   high-energy neutrino and muon reactions}},
  volume =        {68},
  year =          {1971},
  doi =           {10.1016/0003-4916(71)90244-2},
}

@article{Brown:1971qr,
  author =        {Brown, R. W.},
  journal =       {Phys. Rev.},
  pages =         {207-223},
  title =         {{Intermediate boson. i. theoretical production
                   cross-sections in high-energy neutrino and muon
                   experiments}},
  volume =        {D3},
  year =          {1971},
  doi =           {10.1103/PhysRevD.3.207},
}

@article{Koike:1971tu,
  author =        {Koike, K. and Konuma, M. and Kurata, K. and
                   Sugano, K.},
  journal =       {Prog. Theor. Phys.},
  pages =         {1150-1169},
  title =         {{Neutrino production of lepton pairs. 1. -}},
  volume =        {46},
  year =          {1971},
  doi =           {10.1143/PTP.46.1150},
}

@article{Magill:2016hgc,
  author =        {Magill, Gabriel and Plestid, Ryan},
  journal =       {Phys. Rev.},
  number =        {7},
  pages =         {073004},
  title =         {{Neutrino Trident Production at the Intensity
                   Frontier}},
  volume =        {D95},
  year =          {2017},
  doi =           {10.1103/PhysRevD.95.073004},
}

@article{Geiregat:1990gz,
  author =        {Geiregat, D. and others},
  journal =       {Phys. Lett.},
  pages =         {271-275},
  title =         {{First observation of neutrino trident production}},
  volume =        {B245},
  year =          {1990},
  doi =           {10.1016/0370-2693(90)90146-W},
}

@article{Mishra:1991bv,
  author =        {Mishra, S. R. and others},
  journal =       {Phys. Rev. Lett.},
  pages =         {3117-3120},
  title =         {{Neutrino tridents and W Z interference}},
  volume =        {66},
  year =          {1991},
  doi =           {10.1103/PhysRevLett.66.3117},
}

@inproceedings{Adams:1998yf,
  author =        {Adams, T. and others},
  booktitle =     {{High-energy physics. Proceedings, 29th International
                   Conference, ICHEP'98, Vancouver, Canada, July 23-29,
                   1998. Vol. 1, 2}},
  pages =         {631-634},
  title =         {{Neutrino trident production from NuTeV}},
  year =          {1998},
}

@article{Brown:1973ih,
  author =        {Brown, R. W. and Hobbs, R. H. and Smith, J. and
                   Stanko, N.},
  journal =       {Phys. Rev.},
  pages =         {3273-3292},
  title =         {{Intermediate boson. iii. virtual-boson effects in
                   neutrino trident production}},
  volume =        {D6},
  year =          {1972},
  doi =           {10.1103/PhysRevD.6.3273},
}

@article{Gaidaenko:2000hg,
  author =        {Gaidaenko, I. V. and Novikov, V. A. and
                   Vysotsky, M. I.},
  journal =       {Phys. Lett.},
  pages =         {49-54},
  title =         {{On the production of a lepton pair in the collision
                   of ultrarelativistic neutral particle with nonzero
                   magnetic moment with nuclei}},
  volume =        {B497},
  year =          {2001},
  doi =           {10.1016/S0370-2693(00)01305-8},
}

@article{Altmannshofer:2014pba,
  author =        {Altmannshofer, Wolfgang and Gori, Stefania and
                   Pospelov, Maxim and Yavin, Itay},
  journal =       {Phys. Rev. Lett.},
  pages =         {091801},
  title =         {{Neutrino Trident Production: A Powerful Probe of New
                   Physics with Neutrino Beams}},
  volume =        {113},
  year =          {2014},
  doi =           {10.1103/PhysRevLett.113.091801},
}

@article{Kaneta:2016uyt,
  author =        {Kaneta, Yuya and Shimomura, Takashi},
  journal =       {PTEP},
  number =        {5},
  pages =         {053B04},
  title =         {{On the possibility of a search for the $L_\mu -
                   L_\tau$ gauge boson at Belle-II and neutrino beam
                   experiments}},
  volume =        {2017},
  year =          {2017},
  doi =           {10.1093/ptep/ptx050},
}

@article{Ge2017,
  author =        {Ge, Shao-Feng and Lindner, Manfred and
                   Rodejohann, Werner},
  month =         {feb},
  title =         {{New Physics and Atmospheric Neutrino Trident
                   Production with PINGU and ORCA}},
  year =          {2017},
  url =           {http://arxiv.org/abs/1702.02617},
}

@article{Magill:2017mps,
  author =        {Magill, Gabriel and Plestid, Ryan},
  journal =       {Phys. Rev.},
  number =        {5},
  pages =         {055003},
  title =         {{Probing new charged scalars with neutrino trident
                   production}},
  volume =        {D97},
  year =          {2018},
  doi =           {10.1103/PhysRevD.97.055003},
}

@article{Falkowski:2018dmy,
  author =        {Falkowski, Adam and Grilli di Cortona, Giovanni and
                   Tabrizi, Zahra},
  journal =       {JHEP},
  pages =         {101},
  title =         {{Future DUNE constraints on EFT}},
  volume =        {04},
  year =          {2018},
  doi =           {10.1007/JHEP04(2018)101},
}

@article{Belusevic:1987cw,
  author =        {Belusevic, R. and Smith, J.},
  journal =       {Phys. Rev.},
  pages =         {2419},
  title =         {{W - Z Interference in Neutrino - Nucleus
                   Scattering}},
  volume =        {D37},
  year =          {1988},
  doi =           {10.1103/PhysRevD.37.2419},
}

@article{Kozhushner:1962aa,
  author =        {Kozhushner, M. A. and Shabalin, E. P.},
  journal =       {Sov. Phys. JETP},
  note =          {[Zh. Eksp. Teor. Fiz.41,949(1962)]},
  pages =         {676},
  title =         {{Production of lepton particle pairs on a Coulomb
                   center}},
  volume =        {14},
  year =          {1962},
}

@article{Shabalin:1963aa,
  author =        {Shabalin, E. P.},
  journal =       {Sov. Phys. JETP},
  note =          {[Zh. Eksp. Teor. Fiz.43,175(1963)]},
  pages =         {125},
  title =         {{The $\mu^+\mu^-$ and $e^+ e^-$ pair production cross
                   sections for neutrinos scattered by nuclei}},
  volume =        {16},
  year =          {1963},
}

@article{Hand:1963bb,
  author =        {Hand, L. N.},
  journal =       {Phys. Rev.},
  pages =         {1834-1846},
  title =         {{Experimental investigation of pion
                   electroproduction}},
  volume =        {129},
  year =          {1963},
  doi =           {10.1103/PhysRev.129.1834},
}

@article{Kniehl:1990iv,
  author =        {Kniehl, Bernd A.},
  journal =       {Phys. Lett.},
  pages =         {267-273},
  title =         {{Elastic e p scattering and the Weizsacker-Williams
                   approximation}},
  volume =        {B254},
  year =          {1991},
  doi =           {10.1016/0370-2693(91)90432-P},
}

@article{vonWeizsacker:1934nji,
  author =        {von Weizsacker, C. F.},
  journal =       {Z. Phys.},
  pages =         {612-625},
  title =         {{Radiation emitted in collisions of very fast
                   electrons}},
  volume =        {88},
  year =          {1934},
  doi =           {10.1007/BF01333110},
}

@article{Williams:1934ad,
  author =        {Williams, E. J.},
  journal =       {Phys. Rev.},
  pages =         {729-730},
  title =         {{Nature of the high-energy particles of penetrating
                   radiation and status of ionization and radiation
                   formulae}},
  volume =        {45},
  year =          {1934},
  doi =           {10.1103/PhysRev.45.729},
}

@article{Fermi:1924tc,
  author =        {Fermi, E.},
  journal =       {Z. Phys.},
  pages =         {315-327},
  title =         {{On the Theory of the impact between atoms and
                   electrically charged particles}},
  volume =        {29},
  year =          {1924},
  doi =           {10.1007/BF03184853},
}

@article{Frixione:1993yw,
  author =        {Frixione, Stefano and Mangano, Michelangelo L. and
                   Nason, Paolo and Ridolfi, Giovanni},
  journal =       {Phys. Lett.},
  pages =         {339-345},
  title =         {{Improving the Weizsacker-Williams approximation in
                   electron - proton collisions}},
  volume =        {B319},
  year =          {1993},
  doi =           {10.1016/0370-2693(93)90823-Z},
}

@article{SBNproposal,
  author =        {Acciarri, R. and others},
  month =         {mar},
  pages =         {209},
  title =         {{A Proposal for a Three Detector Short-Baseline
                   Neutrino Oscillation Program in the Fermilab Booster
                   Neutrino Beam}},
  year =          {2015},
  url =           {http://arxiv.org/abs/1503.01520},
}

@article{Acciarri:2016ooe,
  author =        {Acciarri, R. and others},
  title =         {{Long-Baseline Neutrino Facility (LBNF) and Deep
                   Underground Neutrino Experiment (DUNE)}},
  year =          {2016},
}

@article{DUNECDRvolII,
  author =        {{DUNE Collaboration}, DUNE and Acciarri, R. and
                   others},
  month =         {dec},
  title =         {{Long-Baseline Neutrino Facility (LBNF) and Deep
                   Underground Neutrino Experiment (DUNE) Conceptual
                   Design Report Volume 2: The Physics Program for DUNE
                   at LBNF}},
  year =          {2015},
  abstract =      {The Physics Program for the Deep Underground Neutrino
                   Experiment (DUNE) at the Fermilab Long-Baseline
                   Neutrino Facility (LBNF) is described.},
  url =           {http://arxiv.org/abs/1512.06148},
}

@unpublished{WeberTalk,
  author =        {Weber, Alfons},
  month =         may,
  note =          {DUNE Collaboration Meeting FNAL},
  title =         {{ND(s) for DUNE}},
  year =          {2018},
  url =           {https://indico.fnal.gov/event/14582/session/0/contribution/
                  6/material/slides/1.pdf},
}

@unpublished{DUNE:exposure,
  author =        {Papadimitriou, V.},
  title =         {{Design of the LBNF Beamline}},
  year =          {2016},
  url =           {http://accelconf.web.cern.ch/AccelConf/ipac2016/papers/
                  tupmr025.pdf},
}

@inproceedings{Soler:2015ada,
  author =        {Soler, F. J. P.},
  booktitle =     {{Proceedings, Topical Research Meeting on Prospects
                   in Neutrino Physics (NuPhys2014): London, UK,
                   December 15-17, 2014}},
  title =         {{nuSTORM: Neutrinos from Stored Muons}},
  year =          {2015},
}

@article{nuSTORM2017,
  author =        {D. Adey and R.B. Appleby and R. Bayes and A. Bogacz and
                   A.D. Bross and J.-B. Lagrange and A. Liu and
                   D. Neuffer and J. Pasternak and S. Tygier},
  journal =       {Journal of Instrumentation},
  number =        {07},
  pages =         {P07020},
  title =         {Overview of the Neutrinos from Stored Muons Facility
                   - nuSTORM},
  volume =        {12},
  year =          {2017},
  url =           {http://stacks.iop.org/1748-0221/12/i=07/a=P07020},
}

@article{Adey:2014rfv,
  author =        {Adey, D. and others},
  journal =       {Phys. Rev.},
  number =        {7},
  pages =         {071301},
  title =         {{Light sterile neutrino sensitivity at the nuSTORM
                   facility}},
  volume =        {D89},
  year =          {2014},
  doi =           {10.1103/PhysRevD.89.071301},
}

@article{Andreopoulos2009,
  author =        {Andreopoulos, C. and others},
  journal =       {Nucl. Instrum. Meth.},
  pages =         {87-104},
  title =         {{The GENIE Neutrino Monte Carlo Generator}},
  volume =        {A614},
  year =          {2010},
  doi =           {10.1016/j.nima.2009.12.009},
}

@article{Smith:1977nx,
  author =        {Smith, J. and Vermaseren, J. A. M.},
  journal =       {Phys. Rev.},
  pages =         {2288},
  title =         {{Electromagnetic Backgrounds in Neutrino Produced
                   Trimuon Events}},
  volume =        {D17},
  year =          {1978},
  doi =           {10.1103/PhysRevD.17.2288},
}

@article{Albright:1978mg,
  author =        {Albright, Carl H. and Smith, J. and
                   Vermaseren, J. A. M.},
  journal =       {Phys. Rev.},
  pages =         {108},
  title =         {{A Comparison of Trimuon Production Mechanisms}},
  volume =        {D18},
  year =          {1978},
  doi =           {10.1103/PhysRevD.18.108},
}

@article{Blennow:2016jkn,
  author =        {Blennow, Mattias and Coloma, Pilar and
                   Fernandez-Martinez, Enrique and
                   Hernandez-Garcia, Josu and Lopez-Pavon, Jacobo},
  journal =       {JHEP},
  pages =         {153},
  title =         {{Non-Unitarity, sterile neutrinos, and Non-Standard
                   neutrino Interactions}},
  volume =        {04},
  year =          {2017},
  doi =           {10.1007/JHEP04(2017)153},
}

@article{Hannestad:2013ana,
  author =        {Hannestad, Steen and Hansen, Rasmus Sloth and
                   Tram, Thomas},
  journal =       {Phys. Rev. Lett.},
  number =        {3},
  pages =         {031802},
  title =         {{How Self-Interactions can Reconcile Sterile
                   Neutrinos with Cosmology}},
  volume =        {112},
  year =          {2014},
  doi =           {10.1103/PhysRevLett.112.031802},
}

@article{Dasgupta:2013zpn,
  author =        {Dasgupta, Basudeb and Kopp, Joachim},
  journal =       {Phys. Rev. Lett.},
  number =        {3},
  pages =         {031803},
  title =         {{Cosmologically Safe eV-Scale Sterile Neutrinos and
                   Improved Dark Matter Structure}},
  volume =        {112},
  year =          {2014},
  doi =           {10.1103/PhysRevLett.112.031803},
}

@article{Mirizzi:2014ama,
  author =        {Mirizzi, Alessandro and Mangano, Gianpiero and
                   Pisanti, Ofelia and Saviano, Ninetta},
  journal =       {Phys. Rev.},
  number =        {2},
  pages =         {025019},
  title =         {{Collisional production of sterile neutrinos via
                   secret interactions and cosmological implications}},
  volume =        {D91},
  year =          {2015},
  doi =           {10.1103/PhysRevD.91.025019},
}

@article{Cherry:2016jol,
  author =        {Cherry, John F. and Friedland, Alexander and
                   Shoemaker, Ian M.},
  title =         {{Short-baseline neutrino oscillations, Planck, and
                   IceCube}},
  year =          {2016},
}

@article{Capozzi:2017auw,
  author =        {Capozzi, Francesco and Shoemaker, Ian M. and
                   Vecchi, Luca},
  journal =       {JCAP},
  number =        {07},
  pages =         {021},
  title =         {{Solar Neutrinos as a Probe of Dark Matter-Neutrino
                   Interactions}},
  volume =        {1707},
  year =          {2017},
  doi =           {10.1088/1475-7516/2017/07/021},
}

@article{Denton:2018dqq,
  author =        {Denton, Peter B. and Farzan, Yasaman and
                   Shoemaker, Ian M.},
  journal =       {Phys. Rev.},
  number =        {3},
  pages =         {035003},
  title =         {{Activating the fourth neutrino of the 3+1 scheme}},
  volume =        {D99},
  year =          {2019},
  doi =           {10.1103/PhysRevD.99.035003},
}

@article{Chu:2018gxk,
  author =        {Chu, Xiaoyong and Dasgupta, Basudeb and Dentler, Mona and
                   Kopp, Joachim and Saviano, Ninetta},
  journal =       {JCAP},
  number =        {11},
  pages =         {049},
  title =         {{Sterile neutrinos with secret
                   interactions—cosmological discord?}},
  volume =        {1811},
  year =          {2018},
  doi =           {10.1088/1475-7516/2018/11/049},
}

@article{Esmaili:2018qzu,
  author =        {Esmaili, Arman and Nunokawa, Hiroshi},
  journal =       {Eur. Phys. J.},
  number =        {1},
  pages =         {70},
  title =         {{On the robustness of IceCube's bound on sterile
                   neutrinos in the presence of non-standard
                   interactions}},
  volume =        {C79},
  year =          {2019},
  doi =           {10.1140/epjc/s10052-019-6595-9},
}

@article{Bertuzzo:2018itn,
  author =        {Bertuzzo, Enrico and Jana, Sudip and
                   Machado, Pedro A. N. and Zukanovich Funchal, Renata},
  journal =       {Phys. Rev. Lett.},
  number =        {24},
  pages =         {241801},
  title =         {{Dark Neutrino Portal to Explain MiniBooNE excess}},
  volume =        {121},
  year =          {2018},
  doi =           {10.1103/PhysRevLett.121.241801},
}

@article{Ballett:2018ynz,
  author =        {Ballett, Peter and Pascoli, Silvia and
                   Ross-Lonergan, Mark},
  title =         {{U(1)' mediated decays of heavy sterile neutrinos in
                   MiniBooNE}},
  year =          {2018},
}

@article{Boehm:2004uq,
  author =        {Boehm, Celine},
  journal =       {Phys. Rev.},
  pages =         {055007},
  title =         {{Implications of a new light gauge boson for neutrino
                   physics}},
  volume =        {D70},
  year =          {2004},
  doi =           {10.1103/PhysRevD.70.055007},
}

@article{Cerdeno:2016sfi,
  author =        {Cerde\~{n}o, David G. and Fairbairn, Malcolm and
                   Jubb, Thomas and Machado, Pedro A. N. and
                   Vincent, Aaron C. and B\oe\!\;hm, Céline},
  journal =       {JHEP},
  note =          {[Erratum: JHEP09,048(2016)]},
  pages =         {118},
  title =         {{Physics from solar neutrinos in dark matter direct
                   detection experiments}},
  volume =        {05},
  year =          {2016},
  doi =           {10.1007/JHEP09(2016)048, 10.1007/JHEP05(2016)118},
}

@article{Denton:2018xmq,
  author =        {Denton, Peter B. and Farzan, Yasaman and
                   Shoemaker, Ian M.},
  journal =       {JHEP},
  pages =         {037},
  title =         {{Testing large non-standard neutrino interactions
                   with arbitrary mediator mass after COHERENT data}},
  volume =        {07},
  year =          {2018},
  doi =           {10.1007/JHEP07(2018)037},
}

@article{Falkowski:2019xoe,
  author =        {Falkowski, Adam and González-Alonso, Martín and
                   Tabrizi, Zahra},
  title =         {{Reactor neutrino oscillations as constraints on
                   Effective Field Theory}},
  year =          {2019},
}

@article{Farzan:2015doa,
  author =        {Farzan, Yasaman},
  journal =       {Phys. Lett.},
  pages =         {311-315},
  title =         {{A model for large non-standard interactions of
                   neutrinos leading to the LMA-Dark solution}},
  volume =        {B748},
  year =          {2015},
  doi =           {10.1016/j.physletb.2015.07.015},
}

@article{Bakhti:2018avv,
  author =        {Bakhti, P. and Farzan, Y. and Rajaee, M.},
  journal =       {Phys. Rev.},
  number =        {5},
  pages =         {055019},
  title =         {{Secret interactions of neutrinos with light gauge
                   boson at the DUNE near detector}},
  volume =        {D99},
  year =          {2019},
  doi =           {10.1103/PhysRevD.99.055019},
}

@article{He:1991qd,
  author =        {He, Xiao-Gang and Joshi, Girish C. and Lew, H. and
                   Volkas, R. R.},
  journal =       {Phys. Rev.},
  pages =         {2118-2132},
  title =         {{Simplest Z-prime model}},
  volume =        {D44},
  year =          {1991},
  doi =           {10.1103/PhysRevD.44.2118},
}

@article{He:1990pn,
  author =        {He, X. G. and Joshi, Girish C. and Lew, H. and
                   Volkas, R. R.},
  journal =       {Phys. Rev.},
  pages =         {22-24},
  title =         {{NEW Z-prime PHENOMENOLOGY}},
  volume =        {D43},
  year =          {1991},
  doi =           {10.1103/PhysRevD.43.R22},
}

@article{Bauer:2018onh,
  author =        {Bauer, Martin and Foldenauer, Patrick and
                   Jaeckel, Joerg},
  journal =       {JHEP},
  pages =         {094},
  title =         {{Hunting All the Hidden Photons}},
  volume =        {07},
  year =          {2018},
  doi =           {10.1007/JHEP07(2018)094},
}

@article{Altmannshofer2014,
  author =        {Altmannshofer, Wolfgang and Gori, Stefania and
                   Pospelov, Maxim and Yavin, Itay},
  journal =       {Phys. Rev. Lett.},
  pages =         {091801},
  title =         {{Neutrino Trident Production: A Powerful Probe of New
                   Physics with Neutrino Beams}},
  volume =        {113},
  year =          {2014},
  doi =           {10.1103/PhysRevLett.113.091801},
}

@phdthesis{Park:2013dax,
  author =        {Park, Jaewon},
  school =        {U. Rochester},
  title =         {{Neutrino-Electron Scattering in MINERvA for
                   Constraining the NuMI Neutrino Flux}},
  year =          {2013},
  doi =           {10.2172/1248363},
  url =           {http://lss.fnal.gov/archive/thesis/2000/
                  fermilab-thesis-2013-36.shtml},
}

@inproceedings{Bian:2017axs,
  author =        {Bian, Jianming},
  booktitle =     {{Proceedings, Meeting of the APS Division of
                   Particles and Fields (DPF 2017): Fermilab, Batavia,
                   Illinois, USA, July 31 - August 4, 2017}},
  title =         {{Measurement of Neutrino-Electron Elastic Scattering
                   at NOvA Near Detector}},
  year =          {2017},
}

@article{Lindner:2018kjo,
  author =        {Lindner, Manfred and Queiroz, Farinaldo S. and
                   Rodejohann, Werner and Xu, Xun-Jie},
  journal =       {JHEP},
  pages =         {098},
  title =         {{Neutrino-electron scattering: general constraints on
                   Z$^\prime$ and dark photon models}},
  volume =        {05},
  year =          {2018},
  doi =           {10.1007/JHEP05(2018)098},
}

@article{Araki:2017wyg,
  author =        {Araki, Takeshi and Hoshino, Shihori and
                   Ota, Toshihiko and Sato, Joe and Shimomura, Takashi},
  journal =       {Phys. Rev.},
  number =        {5},
  pages =         {055006},
  title =         {{Detecting the $L_{\mu}-L_{\tau}$ gauge boson at
                   Belle II}},
  volume =        {D95},
  year =          {2017},
  doi =           {10.1103/PhysRevD.95.055006},
}

@article{Ge:2017poy,
  author =        {Ge, Shao-Feng and Lindner, Manfred and
                   Rodejohann, Werner},
  journal =       {Phys. Lett.},
  pages =         {164-168},
  title =         {{Atmospheric Trident Production for Probing New
                   Physics}},
  volume =        {B772},
  year =          {2017},
  doi =           {10.1016/j.physletb.2017.06.020},
}

@article{Batra:2005rh,
  author =        {Batra, Puneet and Dobrescu, Bogdan A. and
                   Spivak, David},
  journal =       {J. Math. Phys.},
  pages =         {082301},
  title =         {{Anomaly-free sets of fermions}},
  volume =        {47},
  year =          {2006},
  doi =           {10.1063/1.2222081},
}

@article{Dror:2017ehi,
  author =        {Dror, Jeff A. and Lasenby, Robert and
                   Pospelov, Maxim},
  journal =       {Phys. Rev. Lett.},
  number =        {14},
  pages =         {141803},
  title =         {{New constraints on light vectors coupled to
                   anomalous currents}},
  volume =        {119},
  year =          {2017},
  doi =           {10.1103/PhysRevLett.119.141803},
}

@article{Barger:1982bj,
  author =        {Barger, Vernon D. and Ma, Ernest and Whisnant, K.},
  journal =       {Phys. Rev.},
  pages =         {2378},
  title =         {{General Analysis of a Possible Second Weak Neutral
                   Current in Gauge Models}},
  volume =        {D26},
  year =          {1982},
  doi =           {10.1103/PhysRevD.26.2378},
}

@article{Barr:1986hj,
  author =        {Barr, Stephen M. and Bednarz, B. and Benesh, C.},
  journal =       {Phys. Rev.},
  pages =         {235},
  title =         {{Anomaly Constraints and New U(1) Gauge Bosons}},
  volume =        {D34},
  year =          {1986},
  doi =           {10.1103/PhysRevD.34.235},
}

@article{Allanach:2018vjg,
  author =        {Allanach, B. C. and Davighi, Joe and Melville, Scott},
  title =         {{An Anomaly-free Atlas: charting the space of
                   flavour-dependent gauged $U(1)$ extensions of the
                   Standard Model}},
  year =          {2018},
}

@article{Ellis:2017nrp,
  author =        {Ellis, John and Fairbairn, Malcolm and
                   Tunney, Patrick},
  journal =       {Eur. Phys. J.},
  number =        {3},
  pages =         {238},
  title =         {{Anomaly-Free Models for Flavour Anomalies}},
  volume =        {C78},
  year =          {2018},
  doi =           {10.1140/epjc/s10052-018-5725-0},
}

@misc{b_c_allanach_2018_1478085,
  author =        {B C Allanach and J Davighi and S Melville},
  month =         dec,
  title =         {{Anomaly-free, flavour-dependent U(1) charge
                   assignments for Standard Model/Standard Model plus
                   three right-handed neutrino fermionic content}},
  year =          {2018},
  doi =           {10.5281/zenodo.1478085},
  url =           {https://doi.org/10.5281/zenodo.1478085},
}

@article{Ismail:2016tod,
  author =        {Ismail, Ahmed and Keung, Wai-Yee and Tsao, Kuo-Hsing and
                   Unwin, James},
  journal =       {Nucl. Phys.},
  pages =         {220-244},
  title =         {{Axial vector $Z^\prime$ and anomaly cancellation}},
  volume =        {B918},
  year =          {2017},
  doi =           {10.1016/j.nuclphysb.2017.03.001},
}

@article{Kahn:2016vjr,
  author =        {Kahn, Yonatan and Krnjaic, Gordan and
                   Mishra-Sharma, Siddharth and Tait, Tim M. P.},
  journal =       {JHEP},
  pages =         {002},
  title =         {{Light Weakly Coupled Axial Forces: Models,
                   Constraints, and Projections}},
  volume =        {05},
  year =          {2017},
  doi =           {10.1007/JHEP05(2017)002},
}

@article{Dror:2017nsg,
  author =        {Dror, Jeff A. and Lasenby, Robert and
                   Pospelov, Maxim},
  journal =       {Phys. Rev.},
  number =        {7},
  pages =         {075036},
  title =         {{Dark forces coupled to nonconserved currents}},
  volume =        {D96},
  year =          {2017},
  doi =           {10.1103/PhysRevD.96.075036},
}

@article{Holdom:1985ag,
  author =        {Holdom, Bob},
  journal =       {Phys. Lett.},
  pages =         {196-198},
  title =         {{Two U(1)'s and Epsilon Charge Shifts}},
  volume =        {166B},
  year =          {1986},
  doi =           {10.1016/0370-2693(86)91377-8},
}

@article{Kamada:2015era,
  author =        {Kamada, Ayuki and Yu, Hai-Bo},
  journal =       {Phys. Rev.},
  number =        {11},
  pages =         {113004},
  title =         {{Coherent Propagation of PeV Neutrinos and the Dip in
                   the Neutrino Spectrum at IceCube}},
  volume =        {D92},
  year =          {2015},
  doi =           {10.1103/PhysRevD.92.113004},
}

@article{Ibe:2016dir,
  author =        {Ibe, Masahiro and Nakano, Wakutaka and Suzuki, Motoo},
  journal =       {Phys. Rev.},
  number =        {5},
  pages =         {055022},
  title =         {{Constraints on $L_\mu-L_\tau$ gauge interactions
                   from rare kaon decay}},
  volume =        {D95},
  year =          {2017},
  doi =           {10.1103/PhysRevD.95.055022},
}

@article{Escudero:2019gzq,
  author =        {Escudero, Miguel and Hooper, Dan and Krnjaic, Gordan and
                   Pierre, Mathias},
  title =         {{Cosmology With a Very Light $L_\mu - L_\tau$ Gauge
                   Boson}},
  year =          {2019},
}

@article{Araki:2015mya,
  author =        {Araki, Takeshi and Kaneko, Fumihiro and
                   Ota, Toshihiko and Sato, Joe and Shimomura, Takashi},
  journal =       {Phys. Rev.},
  number =        {1},
  pages =         {013014},
  title =         {{MeV scale leptonic force for cosmic neutrino
                   spectrum and muon anomalous magnetic moment}},
  volume =        {D93},
  year =          {2016},
  doi =           {10.1103/PhysRevD.93.013014},
}

@article{Heeck:2011wj,
  author =        {Heeck, Julian and Rodejohann, Werner},
  journal =       {Phys. Rev.},
  pages =         {075007},
  title =         {{Gauged $L_\mu - L_\tau$ Symmetry at the Electroweak
                   Scale}},
  volume =        {D84},
  year =          {2011},
  doi =           {10.1103/PhysRevD.84.075007},
}

@article{Kelly:2019wow,
  author =        {Kelly, Kevin J. and Zhang, Yue},
  title =         {{Mono-Neutrino at DUNE: New Signals From
                   Neutrinophilic Thermal Dark Matter}},
  year =          {2019},
}

@article{Holder:1977gp,
  author =        {Holder, M. and others},
  journal =       {Phys. Lett.},
  pages =         {393-395},
  title =         {{Observation of Trimuon Events Produced in Neutrino
                   and anti-neutrino Interactions}},
  volume =        {70B},
  year =          {1977},
  doi =           {10.1016/0370-2693(77)90685-2},
}

@article{KayisTopaksu:2004ea,
  author =        {Kayis-Topaksu, A. and others},
  journal =       {Phys. Lett.},
  pages =         {44-53},
  title =         {{Experimental study of trimuon events in neutrino
                   charged-current interactions}},
  volume =        {B596},
  year =          {2004},
  doi =           {10.1016/j.physletb.2004.06.081},
}

@article{Benvenuti1977,
  author =        {Benvenuti, A. and others},
  journal =       {Physical Review Letters},
  month =         {may},
  number =        {20},
  pages =         {1110--1113},
  title =         {{Observation of a new process with trimuon production
                   by high-energy neutrinos}},
  volume =        {38},
  year =          {1977},
  doi =           {10.1103/PhysRevLett.38.1110},
  issn =          {00319007},
  url =           {https://link.aps.org/doi/10.1103/PhysRevLett.38.1110},
}

@article{Barish1977,
  author =        {Barish, B. C. and Bartlett, J. F. and Bodek, A. and
                   Brown, K. W. and Buchholz, D. and Chu, Y. K. and
                   Sciulli, F. and Siskind, E. and Stutte, L. and
                   Fisk, E. and Krafczyk, G. and Nease, D. and
                   Fackler, O.},
  journal =       {Physical Review Letters},
  month =         {mar},
  number =        {11},
  pages =         {577--580},
  title =         {{Observation of Trimuon Production by Neutrinos}},
  volume =        {38},
  year =          {1977},
  doi =           {10.1103/PhysRevLett.38.577},
  issn =          {0031-9007},
  url =           {https://link.aps.org/doi/10.1103/PhysRevLett.38.577},
}

@article{Smith1978,
  author =        {Smith, J and Vermaseren, J A M},
  number =        {9},
  title =         {{PH YSICAL RE VIE{\%} 0 Electromagnetic backgrounds
                   in neutrino-produced trimuon events}},
  volume =        {17},
  year =          {1978},
  url =           {https://journals.aps.org/prd/pdf/10.1103/PhysRevD.17.2288},
}

@article{Goncharov:2001qe,
  author =        {Goncharov, M. and others},
  journal =       {Phys. Rev.},
  pages =         {112006},
  title =         {{Precise Measurement of Dimuon Production
                   Cross-Sections in $\nu_{\mu}$ Fe and
                   $\bar{\nu}_{\mu}$ Fe Deep Inelastic Scattering at the
                   Tevatron.}},
  volume =        {D64},
  year =          {2001},
  doi =           {10.1103/PhysRevD.64.112006},
}

@article{Czyz1964,
  author =        {Czyz, W. and Sheppey, G. C. and Walecka, J. D.},
  journal =       {Il Nuovo Cimento},
  month =         {oct},
  number =        {2},
  pages =         {404--435},
  title =         {{Neutrino production of lepton pairs through the
                   point four-fermion interaction}},
  volume =        {34},
  year =          {1964},
  doi =           {10.1007/BF02734586},
  issn =          {00296341},
  url =           {http://link.springer.com/10.1007/BF02734586},
}

@article{Lovseth1971,
  author =        {L{\o}vseth, J{\o}rgen and Radomski, Mark},
  journal =       {Physical Review D},
  number =        {11},
  pages =         {2686--2706},
  title =         {{Kinematical distributions of neutrino-produced
                   lepton triplets}},
  volume =        {3},
  year =          {1971},
  doi =           {10.1103/PhysRevD.3.2686},
  issn =          {05562821},
  url =           {https://journals.aps.org/prd/pdf/10.1103/PhysRevD.3.2686},
}

@article{Uhlemann:2008pm,
  author =        {Uhlemann, C. F. and Kauer, N.},
  journal =       {Nucl. Phys.},
  pages =         {195-211},
  title =         {{Narrow-width approximation accuracy}},
  volume =        {B814},
  year =          {2009},
  doi =           {10.1016/j.nuclphysb.2009.01.022},
}

@article{Marciano:2003eq,
  author =        {Marciano, William J. and Parsa, Zohreh},
  journal =       {J. Phys.},
  pages =         {2629-2645},
  title =         {{Neutrino electron scattering theory}},
  volume =        {G29},
  year =          {2003},
  doi =           {10.1088/0954-3899/29/11/013},
}

@article{deGouvea:2006hfo,
  author =        {de Gouvea, Andre and Jenkins, James},
  journal =       {Phys. Rev.},
  pages =         {033004},
  title =         {{What can we learn from neutrino electron
                   scattering?}},
  volume =        {D74},
  year =          {2006},
  doi =           {10.1103/PhysRevD.74.033004},
}

@article{PhysRevD.93.093019,
  author =        {Khan, Amir N.},
  journal =       {Phys. Rev. D},
  month =         {May},
  pages =         {093019},
  publisher =     {American Physical Society},
  title =         {Global analysis of the source and detector
                   nonstandard interactions using the short baseline
                   $\ensuremath{\nu}\ensuremath{-}e$ and
                   $\overline{\ensuremath{\nu}}\ensuremath{-}e$
                   scattering data},
  volume =        {93},
  year =          {2016},
  doi =           {10.1103/PhysRevD.93.093019},
  url =           {https://link.aps.org/doi/10.1103/PhysRevD.93.093019},
}

@article{Bahcall:1995mm,
  author =        {Bahcall, John N. and Kamionkowski, Marc and
                   Sirlin, Alberto},
  journal =       {Phys. Rev.},
  pages =         {6146-6158},
  title =         {{Solar neutrinos: Radiative corrections in neutrino -
                   electron scattering experiments}},
  volume =        {D51},
  year =          {1995},
  doi =           {10.1103/PhysRevD.51.6146},
}

@article{Passera:2000ug,
  author =        {Passera, M.},
  journal =       {Phys. Rev.},
  pages =         {113002},
  title =         {{QED corrections to neutrino electron scattering}},
  volume =        {D64},
  year =          {2001},
  doi =           {10.1103/PhysRevD.64.113002},
}

@article{Brown1973,
  author =        {Brown, R. W. and Hobbs, R. H. and Smith, J. and
                   Stanko, N.},
  journal =       {Phys. Rev.},
  pages =         {3273-3292},
  title =         {{Intermediate boson. iii. virtual-boson effects in
                   neutrino trident production}},
  volume =        {D6},
  year =          {1972},
  doi =           {10.1103/PhysRevD.6.3273},
}

@article{Acciarri:2016crz,
  author =        {Acciarri, R. and others},
  title =         {{Long-Baseline Neutrino Facility (LBNF) and Deep
                   Underground Neutrino Experiment (DUNE)}},
  year =          {2016},
}

@unpublished{Roeck:2018,
  author =        {Albert, De Roeck},
  month =         aug,
  note =          {{NuFact 18}},
  title =         {{The DUNE Near Detector}},
  year =          {2018},
  url =           {https://indico.cern.ch/event/703880/contributions/3157149/},
}

@unpublished{Manly:2018,
  author =        {Steven, Manly},
  month =         oct,
  note =          {{NuInt 18}},
  title =         {{Status of DUNE Near Detector}},
  year =          {2018},
  url =           {https://indico.cern.ch/event/703880/contributions/3157149/},
}

@unpublished{DUNE:flux,
  note =          {\url{http://home.fnal.gov/~ljf26/DUNEFluxes/}},
  title =         {{2016 DUNE fluxes}},
  year =          {2016},
}

@unpublished{DUNE:flux_updated,
  note =          {\url{http://home.fnal.gov/~ljf26/DUNEFluxes/}},
  title =         {{2016 DUNE fluxes}},
  year =          {2017},
}

@unpublished{DUNE:GArOption,
  note =          {\url{DUNE-doc-12388-v1}},
  title =         {{High-Pressure Argon gas TPC Option for the DUNE Near
                   Detector}},
  year =          {2019},
}

@article{Michael:2008bc,
  author =        {Michael, D. G. and others},
  journal =       {Nucl. Instrum. Meth.},
  pages =         {190-228},
  title =         {{The Magnetized steel and scintillator calorimeters
                   of the MINOS experiment}},
  volume =        {A596},
  year =          {2008},
  doi =           {10.1016/j.nima.2008.08.003},
}

@article{Aliaga:2013uqz,
  author =        {Aliaga, L. and others},
  journal =       {Nucl. Instrum. Meth.},
  pages =         {130-159},
  title =         {{Design, Calibration, and Performance of the MINERvA
                   Detector}},
  volume =        {A743},
  year =          {2014},
  doi =           {10.1016/j.nima.2013.12.053},
}

@article{Abramov:2001nr,
  author =        {Abramov, A. G. and Galyaev, N. A. and Garkusha, V. I. and
                   Hylen, J. and Novoskoltsev, F. N. and Ryabov, A. D. and
                   Zarucheisky, V. G.},
  journal =       {Nucl. Instrum. Meth.},
  pages =         {209-227},
  title =         {{Beam optics and target conceptual designs for the
                   NuMI project}},
  volume =        {A485},
  year =          {2002},
  doi =           {10.1016/S0168-9002(01)02112-X},
}

@article{Bodek:2012uu,
  author =        {Bodek, A. and Sarica, U. and Naples, D. and Ren, L.},
  journal =       {Eur. Phys. J.},
  pages =         {1973},
  title =         {{Methods to Determine Neutrino Flux at Low
                   Energies:Investigation of the Low $\nu$ Method}},
  volume =        {C72},
  year =          {2012},
  doi =           {10.1140/epjc/s10052-012-1973-6},
}

@article{Conrad:1997ne,
  author =        {Conrad, Janet M. and Shaevitz, Michael H. and
                   Bolton, Tim},
  journal =       {Rev. Mod. Phys.},
  pages =         {1341-1392},
  title =         {{Precision measurements with high-energy neutrino
                   beams}},
  volume =        {70},
  year =          {1998},
  doi =           {10.1103/RevModPhys.70.1341},
}

@article{Astier:2000us,
  author =        {Astier, P. and others},
  journal =       {Phys. Lett.},
  pages =         {35-48},
  title =         {{Neutrino production of opposite sign dimuons in the
                   NOMAD experiment}},
  volume =        {B486},
  year =          {2000},
  doi =           {10.1016/S0370-2693(00)00612-2},
}

@article{Adams:1999mn,
  author =        {Adams, T. and others},
  journal =       {Phys. Rev.},
  pages =         {092001},
  title =         {{Evidence for diffractive charm production in
                   muon-neutrino Fe and anti-muon-neutrino Fe scattering
                   at the Tevatron}},
  volume =        {D61},
  year =          {2000},
  doi =           {10.1103/PhysRevD.61.092001},
}

@article{PhysRevD.43.2765,
  author =        {Baker, N. J. and Kahn, S. A. and Murtagh, M. J. and
                   Samios, N. P. and Tanaka, M. and Baltay, C. and
                   Hyatt, E. R. and Manly, S. and Steiner, R. and
                   Jacques, P. F. and Kalelkar, M. and Plano, R. J. and
                   Stamer, P. E.},
  journal =       {Phys. Rev. D},
  month =         {May},
  pages =         {2765--2777},
  publisher =     {American Physical Society},
  title =         {${\ensuremath{\mu}}^{\ensuremath{-}}{e}^{+}$ dilepton
                   production in charged-current
                   ${\ensuremath{\nu}}_{\ensuremath{\mu}}$ interactions},
  volume =        {43},
  year =          {1991},
  doi =           {10.1103/PhysRevD.43.2765},
  url =           {https://link.aps.org/doi/10.1103/PhysRevD.43.2765},
}

@article{Higuera:2014azj,
  author =        {Higuera, A. and others},
  journal =       {Phys. Rev. Lett.},
  number =        {26},
  pages =         {261802},
  title =         {{Measurement of Coherent Production of $\pi^\pm$ in
                   Neutrino and Antineutrino Beams on Carbon from
                   $E_\nu$ of $1.5$ to $20$ GeV}},
  volume =        {113},
  year =          {2014},
  doi =           {10.1103/PhysRevLett.113.261802},
}

@article{Mislivec:2017qfz,
  author =        {Mislivec, A. and others},
  journal =       {Phys. Rev.},
  number =        {3},
  pages =         {032014},
  title =         {{Measurement of total and differential cross sections
                   of neutrino and antineutrino coherent $\pi^\pm$
                   production on carbon}},
  volume =        {D97},
  year =          {2018},
  doi =           {10.1103/PhysRevD.97.032014},
}

@article{Acciarri:2014eit,
  author =        {Acciarri, R. and others},
  journal =       {Phys. Rev. Lett.},
  note =          {[erratum: Phys. Rev. Lett.114,no.3,039901(2015)]},
  number =        {26},
  pages =         {261801},
  title =         {{First Measurement of Neutrino and Antineutrino
                   Coherent Charged Pion Production on Argon}},
  volume =        {113},
  year =          {2014},
  doi =           {10.1103/PhysRevLett.113.261801,
                   10.1103/PhysRevLett.114.039901},
}

@article{Acciarri:2015ncl,
  author =        {Acciarri, R. and others},
  journal =       {Phys. Rev.},
  number =        {1},
  pages =         {012006},
  title =         {{Measurement of $\nu_{\mu}$ and $\bar{\nu}_{\mu}$
                   neutral current $\pi^{0} \rightarrow \gamma\gamma$
                   production in the ArgoNeuT detector}},
  volume =        {D96},
  year =          {2017},
  doi =           {10.1103/PhysRevD.96.012006},
}

@article{Park:2015eqa,
  author =        {Park, J. and others},
  journal =       {Phys. Rev.},
  number =        {11},
  pages =         {112007},
  title =         {{Measurement of Neutrino Flux from Neutrino-Electron
                   Elastic Scattering}},
  volume =        {D93},
  year =          {2016},
  doi =           {10.1103/PhysRevD.93.112007},
}

@article{Bilmis:2015lja,
  author =        {Bilmis, S. and Turan, I. and Aliev, T. M. and
                   Deniz, M. and Singh, L. and Wong, H. T.},
  journal =       {Phys. Rev.},
  number =        {3},
  pages =         {033009},
  title =         {{Constraints on Dark Photon from Neutrino-Electron
                   Scattering Experiments}},
  volume =        {D92},
  year =          {2015},
  doi =           {10.1103/PhysRevD.92.033009},
}

@article{Vilain:1994qy,
  author =        {Vilain, P. and others},
  journal =       {Phys. Lett.},
  pages =         {246-252},
  title =         {{Precision measurement of electroweak parameters from
                   the scattering of muon-neutrinos on electrons}},
  volume =        {B335},
  year =          {1994},
  doi =           {10.1016/0370-2693(94)91421-4},
}

@article{Wong:2006nx,
  author =        {Wong, H. T. and others},
  journal =       {Phys. Rev.},
  pages =         {012001},
  title =         {{A Search of Neutrino Magnetic Moments with a
                   High-Purity Germanium Detector at the Kuo-Sheng
                   Nuclear Power Station}},
  volume =        {D75},
  year =          {2007},
  doi =           {10.1103/PhysRevD.75.012001},
}

@article{Deniz:2009mu,
  author =        {Deniz, M. and others},
  journal =       {Phys. Rev.},
  pages =         {072001},
  title =         {{Measurement of Nu(e)-bar -Electron Scattering
                   Cross-Section with a CsI(Tl) Scintillating Crystal
                   Array at the Kuo-Sheng Nuclear Power Reactor}},
  volume =        {D81},
  year =          {2010},
  doi =           {10.1103/PhysRevD.81.072001},
}

@article{Chen:2014dsa,
  author =        {Chen, Jiunn-Wei and Chi, Hsin-Chang and Li, Hau-Bin and
                   Liu, C. -P. and Singh, Lakhwinder and Wong, Henry T. and
                   Wu, Chih-Liang and Wu, Chih-Pan},
  journal =       {Phys. Rev.},
  number =        {1},
  pages =         {011301},
  title =         {{Constraints on millicharged neutrinos via analysis
                   of data from atomic ionizations with germanium
                   detectors at sub-keV sensitivities}},
  volume =        {D90},
  year =          {2014},
  doi =           {10.1103/PhysRevD.90.011301},
}

@article{Bellini:2011rx,
  author =        {Bellini, G. and others},
  journal =       {Phys. Rev. Lett.},
  pages =         {141302},
  title =         {{Precision measurement of the 7Be solar neutrino
                   interaction rate in Borexino}},
  volume =        {107},
  year =          {2011},
  doi =           {10.1103/PhysRevLett.107.141302},
}

@article{Lees:2014xha,
  author =        {Lees, J. P. and others},
  journal =       {Phys. Rev. Lett.},
  number =        {20},
  pages =         {201801},
  title =         {{Search for a Dark Photon in $e^+e^-$ Collisions at
                   BaBar}},
  volume =        {113},
  year =          {2014},
  doi =           {10.1103/PhysRevLett.113.201801},
}

@article{Lees:2017lec,
  author =        {Lees, J. P. and others},
  journal =       {Phys. Rev. Lett.},
  number =        {13},
  pages =         {131804},
  title =         {{Search for Invisible Decays of a Dark Photon
                   Produced in ${e}^{+}{e}^{-}$ Collisions at BaBar}},
  volume =        {119},
  year =          {2017},
  doi =           {10.1103/PhysRevLett.119.131804},
}

@article{Wise:2018rnb,
  author =        {Wise, Mark B. and Zhang, Yue},
  journal =       {JHEP},
  pages =         {053},
  title =         {{Lepton Flavorful Fifth Force and Depth-dependent
                   Neutrino Matter Interactions}},
  volume =        {06},
  year =          {2018},
  doi =           {10.1007/JHEP06(2018)053},
}

@article{Bustamante:2018mzu,
  author =        {Bustamante, Mauricio and Agarwalla, Sanjib Kumar},
  journal =       {Phys. Rev. Lett.},
  number =        {6},
  pages =         {061103},
  title =         {{Universe's Worth of Electrons to Probe Long-Range
                   Interactions of High-Energy Astrophysical Neutrinos}},
  volume =        {122},
  year =          {2019},
  doi =           {10.1103/PhysRevLett.122.061103},
}

@article{Baek:2001kca,
  author =        {Baek, Seungwon and Deshpande, N. G. and He, X. G. and
                   Ko, P.},
  journal =       {Phys. Rev.},
  pages =         {055006},
  title =         {{Muon anomalous g-2 and gauged L(muon) - L(tau)
                   models}},
  volume =        {D64},
  year =          {2001},
  doi =           {10.1103/PhysRevD.64.055006},
}

@article{Pospelov:2008zw,
  author =        {Pospelov, Maxim},
  journal =       {Phys. Rev.},
  pages =         {095002},
  title =         {{Secluded U(1) below the weak scale}},
  volume =        {D80},
  year =          {2009},
  doi =           {10.1103/PhysRevD.80.095002},
}

@article{Kamada:2018zxi,
  author =        {Kamada, Ayuki and Kaneta, Kunio and Yanagi, Keisuke and
                   Yu, Hai-Bo},
  journal =       {JHEP},
  pages =         {117},
  title =         {{Self-interacting dark matter and muon $g-2$ in a
                   gauged U$(1)_{L_{\mu} - L_{\tau}}$ model}},
  volume =        {06},
  year =          {2018},
  doi =           {10.1007/JHEP06(2018)117},
}

@article{Bennett:2006fi,
  author =        {Bennett, G. W. and others},
  journal =       {Phys. Rev.},
  pages =         {072003},
  title =         {{Final Report of the Muon E821 Anomalous Magnetic
                   Moment Measurement at BNL}},
  volume =        {D73},
  year =          {2006},
  doi =           {10.1103/PhysRevD.73.072003},
}

@article{Blum:2018mom,
  author =        {Blum, T. and Boyle, P. A. and Gülpers, V. and
                   Izubuchi, T. and Jin, L. and Jung, C. and
                   Jüttner, A. and Lehner, C. and Portelli, A. and
                   Tsang, J. T.},
  journal =       {Phys. Rev. Lett.},
  number =        {2},
  pages =         {022003},
  title =         {{Calculation of the hadronic vacuum polarization
                   contribution to the muon anomalous magnetic moment}},
  volume =        {121},
  year =          {2018},
  doi =           {10.1103/PhysRevLett.121.022003},
}

@article{Keshavarzi:2018mgv,
  author =        {Keshavarzi, Alexander and Nomura, Daisuke and
                   Teubner, Thomas},
  journal =       {Phys. Rev.},
  number =        {11},
  pages =         {114025},
  title =         {{Muon $g-2$ and $\alpha(M_Z^2)$: a new data-based
                   analysis}},
  volume =        {D97},
  year =          {2018},
  doi =           {10.1103/PhysRevD.97.114025},
}

@article{Grange:2015fou,
  author =        {Grange, J. and others},
  title =         {{Muon (g-2) Technical Design Report}},
  year =          {2015},
}

@article{TheBABAR:2016rlg,
  author =        {Lees, J. P. and others},
  journal =       {Phys. Rev.},
  number =        {1},
  pages =         {011102},
  title =         {{Search for a muonic dark force at BABAR}},
  volume =        {D94},
  year =          {2016},
  doi =           {10.1103/PhysRevD.94.011102},
}

@article{Aad:2014wra,
  author =        {Aad, Georges and others},
  journal =       {Phys. Rev. Lett.},
  number =        {23},
  pages =         {231806},
  title =         {{Measurements of Four-Lepton Production at the Z
                   Resonance in pp Collisions at $\sqrt s=$7 and 8 TeV
                   with ATLAS}},
  volume =        {112},
  year =          {2014},
  doi =           {10.1103/PhysRevLett.112.231806},
}

@article{Sirunyan:2018nnz,
  author =        {Sirunyan, Albert M and others},
  journal =       {Phys. Lett.},
  pages =         {345-368},
  title =         {{Search for an $L_{\mu}-L_{\tau}$ gauge boson using
                   Z$\to4\mu$ events in proton-proton collisions at
                   $\sqrt{s} =$ 13 TeV}},
  volume =        {B792},
  year =          {2019},
  doi =           {10.1016/j.physletb.2019.01.072},
}

@unpublished{PettiTalk,
  author =        {R Petti},
  note =
  {\url{https://indico.cern.ch/event/721473/contributions/3034869/}},
  title =         {{“Precision measurements of fundamental
                   interactions in the ND(s)}},
  year =          {2018},
}

@article{Duyang:2018lpe,
  author =        {Duyang, H. and Guo, B. and Mishra, S. R. and
                   Petti, R.},
  title =         {{A Novel Approach to Neutrino-Hydrogen Measurements}},
  year =          {2018},
}

@article{Buchmuller:1991ce,
  author =        {Buchmuller, W. and Greub, C. and Minkowski, P.},
  journal =       {Phys. Lett.},
  pages =         {395-399},
  title =         {{Neutrino masses, neutral vector bosons and the scale
                   of B-L breaking}},
  volume =        {B267},
  year =          {1991},
  doi =           {10.1016/0370-2693(91)90952-M},
}

@article{Khalil:2006yi,
  author =        {Khalil, Shaaban},
  journal =       {J. Phys.},
  pages =         {055001},
  title =         {{Low scale $B$ - L extension of the Standard Model at
                   the LHC}},
  volume =        {G35},
  year =          {2008},
  doi =           {10.1088/0954-3899/35/5/055001},
}

@article{Perez:2009mu,
  author =        {Fileviez Perez, Pavel and Han, Tao and Li, Tong},
  journal =       {Phys. Rev.},
  pages =         {073015},
  title =         {{Testability of Type I Seesaw at the CERN LHC:
                   Revealing the Existence of the B-L Symmetry}},
  volume =        {D80},
  year =          {2009},
  doi =           {10.1103/PhysRevD.80.073015},
}

@article{Khalil:2010iu,
  author =        {Khalil, Shaaban},
  journal =       {Phys. Rev.},
  pages =         {077702},
  title =         {{TeV-scale gauged B-L symmetry with inverse seesaw
                   mechanism}},
  volume =        {D82},
  year =          {2010},
  doi =           {10.1103/PhysRevD.82.077702},
}

@article{Dib:2014fua,
  author =        {Dib, Claudio O. and Moreno, Gaston R. and
                   Neill, Nicolas A.},
  journal =       {Phys. Rev.},
  number =        {11},
  pages =         {113003},
  title =         {{Neutrinos with a linear seesaw mechanism in a
                   scenario of gauged B-L symmetry}},
  volume =        {D90},
  year =          {2014},
  doi =           {10.1103/PhysRevD.90.113003},
}

@article{Baek:2015mna,
  author =        {Baek, Seungwon and Okada, Hiroshi and Yagyu, Kei},
  journal =       {JHEP},
  pages =         {049},
  title =         {{Flavour Dependent Gauged Radiative Neutrino Mass
                   Model}},
  volume =        {04},
  year =          {2015},
  doi =           {10.1007/JHEP04(2015)049},
}

@article{DeRomeri:2017oxa,
  author =        {De Romeri, Valentina and Fernandez-Martinez, Enrique and
                   Gehrlein, Julia and Machado, Pedro A. N. and
                   Niro, Viviana},
  journal =       {JHEP},
  pages =         {169},
  title =         {{Dark Matter and the elusive $Z^\prime$ in a
                   dynamical Inverse Seesaw scenario}},
  volume =        {10},
  year =          {2017},
  doi =           {10.1007/JHEP10(2017)169},
}

@article{Nomura:2018mwr,
  author =        {Nomura, Takaaki and Okada, Hiroshi},
  journal =       {LHEP},
  number =        {2},
  pages =         {10-13},
  title =         {{An inverse seesaw model with $U(1)_R$ gauge
                   symmetry}},
  volume =        {1},
  year =          {2018},
  doi =           {10.31526/LHEP.2.2018.01},
}

@article{Brdar:2018sbk,
  author =        {Brdar, Vedran and Smirnov, Alexei Yu},
  journal =       {JHEP},
  pages =         {045},
  title =         {{Low Scale Left-Right Symmetry and Naturally Small
                   Neutrino Mass}},
  volume =        {02},
  year =          {2019},
  doi =           {10.1007/JHEP02(2019)045},
}

@article{Okada:2014nsa,
  author =        {Okada, Hiroshi and Yagyu, Kei},
  journal =       {Phys. Rev.},
  number =        {3},
  pages =         {035019},
  title =         {{Radiative generation of lepton masses with the
                   $U(1)^\prime$ gauge symmetry}},
  volume =        {D90},
  year =          {2014},
  doi =           {10.1103/PhysRevD.90.035019},
}

@article{Diaz:2017edh,
  author =        {Diaz, Carlos E. and Mantilla, S. F. and Martinez, R.},
  title =         {{Radiative neutrino masses with forbidden seesaw
                   mechanism in an abelian extension of the Standard
                   Model}},
  year =          {2017},
}

@article{Nomura:2018ibs,
  author =        {Nomura, Takaaki and Okada, Hiroshi},
  title =         {{A Linear seesaw model with hidden gauge symmetry}},
  year =          {2018},
}

@article{Pospelov:2011ha,
  author =        {Pospelov, Maxim},
  journal =       {Phys. Rev.},
  pages =         {085008},
  title =         {{Neutrino Physics with Dark Matter Experiments and
                   the Signature of New Baryonic Neutral Currents}},
  volume =        {D84},
  year =          {2011},
  doi =           {10.1103/PhysRevD.84.085008},
}

@article{Batell:2016zod,
  author =        {Batell, Brian and Pospelov, Maxim and Shuve, Brian},
  journal =       {JHEP},
  pages =         {052},
  title =         {{Shedding Light on Neutrino Masses with Dark Forces}},
  volume =        {08},
  year =          {2016},
  doi =           {10.1007/JHEP08(2016)052},
}

@article{Farzan:2016wym,
  author =        {Farzan, Yasaman and Heeck, Julian},
  journal =       {Phys. Rev.},
  number =        {5},
  pages =         {053010},
  title =         {{Neutrinophilic nonstandard interactions}},
  volume =        {D94},
  year =          {2016},
  doi =           {10.1103/PhysRevD.94.053010},
}

@article{Pospelov:2012gm,
  author =        {Pospelov, Maxim and Pradler, Josef},
  journal =       {Phys. Rev.},
  note =          {[Erratum: Phys. Rev.D88,no.3,039904(2013)]},
  pages =         {113016},
  title =         {{Elastic scattering signals of solar neutrinos with
                   enhanced baryonic currents}},
  volume =        {D85},
  year =          {2012},
  doi =           {10.1103/PhysRevD.85.113016,
                   10.1103/PhysRevD.88.039904},
}

@article{Pospelov:2013rha,
  author =        {Pospelov, Maxim and Pradler, Josef},
  journal =       {Phys. Rev.},
  number =        {5},
  pages =         {055012},
  title =         {{Dark Matter or Neutrino recoil? Interpretation of
                   Recent Experimental Results}},
  volume =        {D89},
  year =          {2014},
  doi =           {10.1103/PhysRevD.89.055012},
}

@article{Harnik:2012ni,
  author =        {Harnik, Roni and Kopp, Joachim and
                   Machado, Pedro A. N.},
  journal =       {JCAP},
  pages =         {026},
  title =         {{Exploring nu Signals in Dark Matter Detectors}},
  volume =        {1207},
  year =          {2012},
  doi =           {10.1088/1475-7516/2012/07/026},
}

@article{McKeen:2018pbb,
  author =        {McKeen, David and Raj, Nirmal},
  title =         {{Monochromatic dark neutrinos and boosted dark matter
                   in noble liquid direct detection}},
  year =          {2018},
}

@article{Chu:2015ipa,
  author =        {Chu, Xiaoyong and Dasgupta, Basudeb and
                   Kopp, Joachim},
  journal =       {JCAP},
  number =        {10},
  pages =         {011},
  title =         {{Sterile neutrinos with secret interactions—lasting
                   friendship with cosmology}},
  volume =        {1510},
  year =          {2015},
  doi =           {10.1088/1475-7516/2015/10/011},
}

@article{AguilarArevalo:2007it,
  author =        {Aguilar-Arevalo, A. A. and others},
  journal =       {Phys. Rev. Lett.},
  pages =         {231801},
  title =         {{A Search for electron neutrino appearance at the
                   $\Delta m^{2} \sim 1$eV$^{2}$ scale}},
  volume =        {98},
  year =          {2007},
  doi =           {10.1103/PhysRevLett.98.231801},
}

@article{Aguilar-Arevalo:2018gpe,
  author =        {Aguilar-Arevalo, A. A. and others},
  journal =       {Phys. Rev. Lett.},
  number =        {22},
  pages =         {221801},
  title =         {{Significant Excess of ElectronLike Events in the
                   MiniBooNE Short-Baseline Neutrino Experiment}},
  volume =        {121},
  year =          {2018},
  doi =           {10.1103/PhysRevLett.121.221801},
}

@article{PhysRevLett.77.3082,
  author =        {Athanassopoulos, C. and Auerbach, L. B. and
                   Burman, R. L. and Cohen, I. and Caldwell, D. O. and
                   Dieterle, B. D. and Donahue, J. B. and Eisner, A. M. and
                   Fazely, A. and Federspiel, F. J. and Garvey, G. T. and
                   Gray, M. and Gunasingha, R. M. and Imlay, R. and
                   Johnston, K. and Kim, H. J. and Louis, W. C. and
                   Majkic, R. and Margulies, J. and McIlhany, K. and
                   Metcalf, W. and Mills, G. B. and Reeder, R. A. and
                   Sandberg, V. and Smith, D. and Stancu, I. and
                   Strossman, W. and Tayloe, R. and VanDalen, G. J. and
                   Vernon, W. and Wadia, N. and Waltz, J. and Wang, Y-X. and
                   White, D. H. and Works, D. and Xiao, Y. and
                   Yellin, S.},
  journal =       {Phys. Rev. Lett.},
  month =         {Oct},
  pages =         {3082--3085},
  publisher =     {American Physical Society},
  title =         {Evidence for
  ${\overline{\ensuremath{\nu}}}_{\ensuremath{\mu}}\ensuremath{\rightarrow}{\overline{\ensuremath{\nu}}}_{\mathit{e}}$
  Oscillations from the LSND Experiment at the Los Alamos Meson Physics
  Facility},
  volume =        {77},
  year =          {1996},
  doi =           {10.1103/PhysRevLett.77.3082},
  url =           {https://link.aps.org/doi/10.1103/PhysRevLett.77.3082},
}

@article{Aguilar:2001ty,
  author =        {Aguilar-Arevalo, A. and others},
  journal =       {Phys. Rev.},
  pages =         {112007},
  title =         {{Evidence for neutrino oscillations from the
                   observation of anti-neutrino(electron) appearance in
                   a anti-neutrino(muon) beam}},
  volume =        {D64},
  year =          {2001},
  doi =           {10.1103/PhysRevD.64.112007},
}

@article{Gninenko:2009ks,
  author =        {Gninenko, S. N.},
  journal =       {Phys. Rev. Lett.},
  pages =         {241802},
  title =         {{The MiniBooNE anomaly and heavy neutrino decay}},
  volume =        {103},
  year =          {2009},
  doi =           {10.1103/PhysRevLett.103.241802},
}

@article{Gninenko:2010pr,
  author =        {Gninenko, Sergei N.},
  journal =       {Phys. Rev.},
  pages =         {015015},
  title =         {{A resolution of puzzles from the LSND, KARMEN, and
                   MiniBooNE experiments}},
  volume =        {D83},
  year =          {2011},
  doi =           {10.1103/PhysRevD.83.015015},
}

@article{Masip:2012ke,
  author =        {Masip, Manuel and Masjuan, Pere and Meloni, Davide},
  journal =       {JHEP},
  pages =         {106},
  title =         {{Heavy neutrino decays at MiniBooNE}},
  volume =        {01},
  year =          {2013},
  doi =           {10.1007/JHEP01(2013)106},
}

@article{Radionov:2013mca,
  author =        {Radionov, Alexander},
  journal =       {Phys. Rev.},
  number =        {1},
  pages =         {015016},
  title =         {{Constraints on electromagnetic properties of sterile
                   neutrinos from MiniBooNE results}},
  volume =        {D88},
  year =          {2013},
  doi =           {10.1103/PhysRevD.88.015016},
}

@article{Fayet:2007ua,
  author =        {Fayet, Pierre},
  journal =       {Phys. Rev.},
  pages =         {115017},
  title =         {{U-boson production in e+ e- annihilations, psi and
                   Upsilon decays, and Light Dark Matter}},
  volume =        {D75},
  year =          {2007},
  doi =           {10.1103/PhysRevD.75.115017},
}

@article{Farzan:2009ji,
  author =        {Farzan, Yasaman},
  journal =       {Phys. Rev.},
  pages =         {073009},
  title =         {{A Minimal model linking two great mysteries:
                   neutrino mass and dark matter}},
  volume =        {D80},
  year =          {2009},
  doi =           {10.1103/PhysRevD.80.073009},
}

@article{Farzan:2010mr,
  author =        {Farzan, Yasaman and Pascoli, Silvia and
                   Schmidt, Michael A.},
  journal =       {JHEP},
  pages =         {111},
  title =         {{AMEND: A model explaining neutrino masses and dark
                   matter testable at the LHC and MEG}},
  volume =        {10},
  year =          {2010},
  doi =           {10.1007/JHEP10(2010)111},
}

@article{Arhrib:2015dez,
  author =        {Arhrib, Abdesslam and Bœhm, Céline and Ma, Ernest and
                   Yuan, Tzu-Chiang},
  journal =       {JCAP},
  number =        {04},
  pages =         {049},
  title =         {{Radiative Model of Neutrino Mass with Neutrino
                   Interacting MeV Dark Matter}},
  volume =        {1604},
  year =          {2016},
  doi =           {10.1088/1475-7516/2016/04/049},
}

@article{Cherry:2014xra,
  author =        {Cherry, John F. and Friedland, Alexander and
                   Shoemaker, Ian M.},
  title =         {{Neutrino Portal Dark Matter: From Dwarf Galaxies to
                   IceCube}},
  year =          {2014},
}

@article{Escudero:2016tzx,
  author =        {Escudero, Miguel and Rius, Nuria and Sanz, Verónica},
  journal =       {JHEP},
  pages =         {045},
  title =         {{Sterile neutrino portal to Dark Matter I: The
                   $U(1)_{B-L}$ case}},
  volume =        {02},
  year =          {2017},
  doi =           {10.1007/JHEP02(2017)045},
}

@article{Escudero:2016ksa,
  author =        {Escudero, Miguel and Rius, Nuria and Sanz, Verónica},
  journal =       {Eur. Phys. J.},
  number =        {6},
  pages =         {397},
  title =         {{Sterile Neutrino portal to Dark Matter II: Exact
                   Dark symmetry}},
  volume =        {C77},
  year =          {2017},
  doi =           {10.1140/epjc/s10052-017-4963-x},
}

@article{Batell:2017cmf,
  author =        {Batell, Brian and Han, Tao and McKeen, David and
                   Shams Es Haghi, Barmak},
  journal =       {Phys. Rev.},
  number =        {7},
  pages =         {075016},
  title =         {{Thermal Dark Matter Through the Dirac Neutrino
                   Portal}},
  volume =        {D97},
  year =          {2018},
  doi =           {10.1103/PhysRevD.97.075016},
}

@article{Campo:2017nwh,
  author =        {Olivares-Del Campo, Andrés and Bœhm, Céline and
                   Palomares-Ruiz, Sergio and Pascoli, Silvia},
  journal =       {Phys. Rev.},
  number =        {7},
  pages =         {075039},
  title =         {{Dark matter-neutrino interactions through the lens
                   of their cosmological implications}},
  volume =        {D97},
  year =          {2018},
  doi =           {10.1103/PhysRevD.97.075039},
}

@article{Blennow:2019fhy,
  author =        {Blennow, M. and Fernandez-Martinez, E. and
                   Campo, A. Olivares-Del and Pascoli, S. and
                   Rosauro-Alcaraz, S. and Titov, A. V.},
  title =         {{Neutrino Portals to Dark Matter}},
  year =          {2019},
}

@article{Dev:2012sg,
  author =        {Dev, P. S. Bhupal and Pilaftsis, Apostolos},
  journal =       {Phys. Rev.},
  pages =         {113001},
  title =         {{Minimal Radiative Neutrino Mass Mechanism for
                   Inverse Seesaw Models}},
  volume =        {D86},
  year =          {2012},
  doi =           {10.1103/PhysRevD.86.113001},
}

@article{Barger:2008jx,
  author =        {Barger, Vernon and Langacker, Paul and
                   McCaskey, Mathew and Ramsey-Musolf, Michael and
                   Shaughnessy, Gabe},
  journal =       {Phys. Rev.},
  pages =         {015018},
  title =         {{Complex Singlet Extension of the Standard Model}},
  volume =        {D79},
  year =          {2009},
  doi =           {10.1103/PhysRevD.79.015018},
}

@article{Yamazaki:1984sj,
  author =        {Yamazaki, T. and others},
  booktitle =     {{22nd International Conference on High Energy
                   Physics. Vol. 1: Leipzig, Germany, July 19-25, 1984}},
  note =          {Conf. Proc.C840719,262(1984)},
  pages =         {I.262},
  title =         {{Search for Heavy Neutrinos in Kaon Decay}},
  year =          {1984},
}

@article{Artamonov:2014urb,
  author =        {Artamonov, A. V. and others},
  journal =       {Phys. Rev.},
  note =          {[Erratum: Phys. Rev.D91,no.5,059903(2015)]},
  number =        {5},
  pages =         {052001},
  title =         {{Search for heavy neutrinos in $K^+\to\mu^+\nu_H$
                   decays}},
  volume =        {D91},
  year =          {2015},
  doi =           {10.1103/PhysRevD.91.059903,
                   10.1103/PhysRevD.91.052001},
}

@article{CERNNA48/2:2016tdo,
  author =        {Batley, J. R. and others},
  journal =       {Phys. Lett.},
  pages =         {67-76},
  title =         {{Searches for lepton number violation and resonances
                   in $K^{\pm}\to\pi\mu\mu$ decays}},
  volume =        {B769},
  year =          {2017},
  doi =           {10.1016/j.physletb.2017.03.029},
}

@article{Bernardi:1985ny,
  author =        {Bernardi, G. and others},
  journal =       {Phys. Lett.},
  pages =         {479-483},
  title =         {{Search for Neutrino Decay}},
  volume =        {166B},
  year =          {1986},
  doi =           {10.1016/0370-2693(86)91602-3},
}

@article{Bergsma:1983rt,
  author =        {Bergsma, F. and others},
  booktitle =     {{11th International Symposium on Lepton and Photon
                   Interactions at High Energies Ithaca, New York,
                   August 4-9, 1983}},
  journal =       {Phys. Lett.},
  note =          {[,207(1984)]},
  pages =         {361},
  title =         {{A Search for Decays of Heavy Neutrinos}},
  volume =        {128B},
  year =          {1983},
  doi =           {10.1016/0370-2693(83)90275-7},
}

@article{Badier:1986xz,
  author =        {Badier, J. and others},
  journal =       {Z. Phys.},
  pages =         {21},
  title =         {{Mass and Lifetime Limits on New Longlived Particles
                   in 300-{GeV}/$c \pi^-$ Interactions}},
  volume =        {C31},
  year =          {1986},
  doi =           {10.1007/BF01559588},
}

@article{Vaitaitis:1999wq,
  author =        {Vaitaitis, A. and others},
  journal =       {Phys. Rev. Lett.},
  pages =         {4943-4946},
  title =         {{Search for neutral heavy leptons in a high-energy
                   neutrino beam}},
  volume =        {83},
  year =          {1999},
  doi =           {10.1103/PhysRevLett.83.4943},
}

@article{CooperSarkar:1985nh,
  author =        {Cooper-Sarkar, Amanda M. and others},
  journal =       {Phys. Lett.},
  pages =         {207-211},
  title =         {{Search for Heavy Neutrino Decays in the {BEBC} Beam
                   Dump Experiment}},
  volume =        {160B},
  year =          {1985},
  doi =           {10.1016/0370-2693(85)91493-5},
}

@article{Astier:2001ck,
  author =        {Astier, P. and others},
  journal =       {Phys. Lett.},
  pages =         {27-38},
  title =         {{Search for heavy neutrinos mixing with tau
                   neutrinos}},
  volume =        {B506},
  year =          {2001},
  doi =           {10.1016/S0370-2693(01)00362-8},
}

@article{Ballett:2016opr,
  author =        {Ballett, Peter and Pascoli, Silvia and
                   Ross-Lonergan, Mark},
  journal =       {JHEP},
  pages =         {102},
  title =         {{MeV-scale sterile neutrino decays at the Fermilab
                   Short-Baseline Neutrino program}},
  volume =        {04},
  year =          {2017},
  doi =           {10.1007/JHEP04(2017)102},
}

@article{Ilten:2018crw,
  author =        {Ilten, Philip and Soreq, Yotam and Williams, Mike and
                   Xue, Wei},
  journal =       {JHEP},
  pages =         {004},
  title =         {{Serendipity in dark photon searches}},
  volume =        {06},
  year =          {2018},
  doi =           {10.1007/JHEP06(2018)004},
}

@article{Atre:2009rg,
  author =        {Atre, Anupama and Han, Tao and Pascoli, Silvia and
                   Zhang, Bin},
  journal =       {JHEP},
  pages =         {030},
  title =         {{The Search for Heavy Majorana Neutrinos}},
  volume =        {05},
  year =          {2009},
  doi =           {10.1088/1126-6708/2009/05/030},
}

@article{Abada:2017jjx,
  author =        {Abada, Asmaa and De Romeri, Valentina and
                   Lucente, Michele and Teixeira, Ana M. and
                   Toma, Takashi},
  journal =       {JHEP},
  pages =         {169},
  title =         {{Effective Majorana mass matrix from tau and
                   pseudoscalar meson lepton number violating decays}},
  volume =        {02},
  year =          {2018},
  doi =           {10.1007/JHEP02(2018)169},
}

@article{Curtin:2014cca,
  author =        {Curtin, David and Essig, Rouven and Gori, Stefania and
                   Shelton, Jessie},
  journal =       {JHEP},
  pages =         {157},
  title =         {{Illuminating Dark Photons with High-Energy
                   Colliders}},
  volume =        {02},
  year =          {2015},
  doi =           {10.1007/JHEP02(2015)157},
}

@article{Hook:2010tw,
  author =        {Hook, Anson and Izaguirre, Eder and Wacker, Jay G.},
  journal =       {Adv. High Energy Phys.},
  pages =         {859762},
  title =         {{Model Independent Bounds on Kinetic Mixing}},
  volume =        {2011},
  year =          {2011},
  doi =           {10.1155/2011/859762},
}

@article{Mohlabeng:2019vrz,
  author =        {Mohlabeng, Gopolang},
  title =         {{Revisiting the Dark Photon Explanation of the Muon
                   g-2 Anomaly}},
  year =          {2019},
}

@article{Egli:1986nk,
  author =        {Egli, S. and others},
  journal =       {Phys. Lett.},
  pages =         {97},
  title =         {{First Observation of the Decay $\pi^+ \to e^+$
                   Neutrino $e^+ e^-$ and a Determination of the
                   Form-factors F($V$), F(a), R}},
  volume =        {B175},
  year =          {1986},
  doi =           {10.1016/0370-2693(86)90338-2},
}

@inproceedings{Grab:1986si,
  author =        {Grab, C.},
  booktitle =     {{Proceedings, 23RD International Conference on High
                   Energy Physics, JULY 16-23, 1986, Berkeley, CA}},
  title =         {{FIRST OBSERVATION OF THE DECAY $\pi^+ \to e^+ e^-
                   e^+$ neutrino AND A DETERMINATION OF THE FORM-FACTORS
                   F(V), F(A) AND R}},
  year =          {1986},
}

@article{Poblaguev:2002ug,
  author =        {Poblaguev, A. A. and others},
  journal =       {Phys. Rev. Lett.},
  pages =         {061803},
  title =         {{Experimental study of the radiative decays K+ --->
                   mu+ nu e+ e- and K+ ---> e+ nu e+ e-}},
  volume =        {89},
  year =          {2002},
  doi =           {10.1103/PhysRevLett.89.061803},
}

@article{Ma:2005iv,
  author =        {Ma, H. and others},
  journal =       {Phys. Rev.},
  pages =         {037101},
  title =         {{First observation of the decay K+ ---> e+ nu(e) mu+
                   mu-}},
  volume =        {D73},
  year =          {2006},
  doi =           {10.1103/PhysRevD.73.037101},
}

@article{Peruzzo:2017qis,
  author =        {Peruzzo, Letizia},
  journal =       {J. Phys. Conf. Ser.},
  number =        {1},
  pages =         {012020},
  title =         {{Model independent measurement of the leptonic kaon
                   decay $K^\pm \to \mu^\pm \nu_\mu e^+ e^-$}},
  volume =        {873},
  year =          {2017},
  doi =           {10.1088/1742-6596/873/1/012020},
}

@article{Bertl:1985mw,
  author =        {Bertl, Wilhelm H. and others},
  journal =       {Nucl. Phys.},
  pages =         {1-31},
  title =         {{Search for the Decay $\mu^+ \to e^+ e^+ e^-$}},
  volume =        {B260},
  year =          {1985},
  doi =           {10.1016/0550-3213(85)90308-6},
}

@article{Alam:1995mt,
  author =        {Alam, M. S. and others},
  journal =       {Phys. Rev. Lett.},
  pages =         {2637-2641},
  title =         {{Tau decays into three charged leptons and two
                   neutrinos}},
  volume =        {76},
  year =          {1996},
  doi =           {10.1103/PhysRevLett.76.2637},
}

@article{Sirunyan:2018owy,
  author =        {Sirunyan, Albert M and others},
  title =         {{Search for invisible decays of a Higgs boson
                   produced through vector boson fusion in proton-proton
                   collisions at $\sqrt{s} =$ 13 TeV}},
  year =          {2018},
}

@article{Laha:2013xua,
  author =        {Laha, Ranjan and Dasgupta, Basudeb and
                   Beacom, John F.},
  journal =       {Phys. Rev.},
  number =        {9},
  pages =         {093025},
  title =         {{Constraints on New Neutrino Interactions via Light
                   Abelian Vector Bosons}},
  volume =        {D89},
  year =          {2014},
  doi =           {10.1103/PhysRevD.89.093025},
}

@article{Bakhti:2017jhm,
  author =        {Bakhti, Pouya and Farzan, Yasaman},
  journal =       {Phys. Rev.},
  number =        {9},
  pages =         {095008},
  title =         {{Constraining secret gauge interactions of neutrinos
                   by meson decays}},
  volume =        {D95},
  year =          {2017},
  doi =           {10.1103/PhysRevD.95.095008},
}

@article{Song:2018zyl,
  author =        {Song, Ningqiang and Gonzalez-Garcia, M. C. and
                   Salvado, Jordi},
  journal =       {JCAP},
  number =        {10},
  pages =         {055},
  title =         {{Cosmological constraints with self-interacting
                   sterile neutrinos}},
  volume =        {1810},
  year =          {2018},
  doi =           {10.1088/1475-7516/2018/10/055},
}

@article{Beacom:2006tt,
  author =        {Beacom, John F. and Bell, Nicole F. and
                   Mack, Gregory D.},
  journal =       {Phys. Rev. Lett.},
  pages =         {231301},
  title =         {{General Upper Bound on the Dark Matter Total
                   Annihilation Cross Section}},
  volume =        {99},
  year =          {2007},
  doi =           {10.1103/PhysRevLett.99.231301},
}

@article{PalomaresRuiz:2007eu,
  author =        {Palomares-Ruiz, Sergio and Pascoli, Silvia},
  journal =       {Phys. Rev.},
  pages =         {025025},
  title =         {{Testing MeV dark matter with neutrino detectors}},
  volume =        {D77},
  year =          {2008},
  doi =           {10.1103/PhysRevD.77.025025},
}

@article{Pospelov:2007mp,
  author =        {Pospelov, Maxim and Ritz, Adam and
                   Voloshin, Mikhail B.},
  journal =       {Phys. Lett.},
  pages =         {53-61},
  title =         {{Secluded WIMP Dark Matter}},
  volume =        {B662},
  year =          {2008},
  doi =           {10.1016/j.physletb.2008.02.052},
}

@article{Mangano:2006mp,
  author =        {Mangano, Gianpiero and Melchiorri, Alessandro and
                   Serra, Paolo and Cooray, Asantha and
                   Kamionkowski, Marc},
  journal =       {Phys. Rev.},
  pages =         {043517},
  title =         {{Cosmological bounds on dark matter-neutrino
                   interactions}},
  volume =        {D74},
  year =          {2006},
  doi =           {10.1103/PhysRevD.74.043517},
}

@article{Wilkinson:2014ksa,
  author =        {Wilkinson, Ryan J. and Boehm, Celine and
                   Lesgourgues, Julien},
  journal =       {JCAP},
  pages =         {011},
  title =         {{Constraining Dark Matter-Neutrino Interactions using
                   the CMB and Large-Scale Structure}},
  volume =        {1405},
  year =          {2014},
  doi =           {10.1088/1475-7516/2014/05/011},
}

@article{Farzan:2014gza,
  author =        {Farzan, Yasaman and Palomares-Ruiz, Sergio},
  journal =       {JCAP},
  pages =         {014},
  title =         {{Dips in the Diffuse Supernova Neutrino Background}},
  volume =        {1406},
  year =          {2014},
  doi =           {10.1088/1475-7516/2014/06/014},
}

@article{Arguelles:2017atb,
  author =        {Argüelles, Carlos A. and Kheirandish, Ali and
                   Vincent, Aaron C.},
  journal =       {Phys. Rev. Lett.},
  number =        {20},
  pages =         {201801},
  title =         {{Imaging Galactic Dark Matter with High-Energy Cosmic
                   Neutrinos}},
  volume =        {119},
  year =          {2017},
  doi =           {10.1103/PhysRevLett.119.201801},
}

@article{Zhang:2013ama,
  author =        {Zhang, Yongchao and Ji, Xiangdong and
                   Mohapatra, Rabindra N.},
  journal =       {JHEP},
  pages =         {104},
  title =         {{A Naturally Light Sterile neutrino in an Asymmetric
                   Dark Matter Model}},
  volume =        {10},
  year =          {2013},
  doi =           {10.1007/JHEP10(2013)104},
}

@article{Grimus:2000vj,
  author =        {Grimus, W. and Lavoura, L.},
  journal =       {JHEP},
  pages =         {042},
  title =         {{The Seesaw mechanism at arbitrary order:
                   Disentangling the small scale from the large scale}},
  volume =        {11},
  year =          {2000},
  doi =           {10.1088/1126-6708/2000/11/042},
}

@article{Adhikari:2010yt,
  author =        {Adhikari, Rathin and Raychaudhuri, Amitava},
  journal =       {Phys. Rev.},
  pages =         {033002},
  title =         {{Light neutrinos from massless texture and below TeV
                   seesaw scale}},
  volume =        {D84},
  year =          {2011},
  doi =           {10.1103/PhysRevD.84.033002},
}

@article{Cai:2017jrq,
  author =        {Cai, Yi and Herrero-García, Juan and
                   Schmidt, Michael A. and Vicente, Avelino and
                   Volkas, Raymond R.},
  journal =       {Front.in Phys.},
  pages =         {63},
  title =         {{From the trees to the forest: a review of radiative
                   neutrino mass models}},
  volume =        {5},
  year =          {2017},
  doi =           {10.3389/fphy.2017.00063},
}

@article{Pilaftsis:1991ug,
  author =        {Pilaftsis, Apostolos},
  journal =       {Z. Phys.},
  pages =         {275-282},
  title =         {{Radiatively induced neutrino masses and large Higgs
                   neutrino couplings in the standard model with
                   Majorana fields}},
  volume =        {C55},
  year =          {1992},
  doi =           {10.1007/BF01482590},
}

@article{Kniehl:1996bd,
  author =        {Kniehl, Bernd A. and Pilaftsis, Apostolos},
  journal =       {Nucl. Phys.},
  pages =         {286-308},
  title =         {{Mixing renormalization in Majorana neutrino
                   theories}},
  volume =        {B474},
  year =          {1996},
  doi =           {10.1016/0550-3213(96)00280-5},
}

@article{Abreu:1996pa,
  author =        {Abreu, P. and others},
  journal =       {Z. Phys.},
  note =          {[Erratum: Z. Phys.C75,580(1997)]},
  pages =         {57-71},
  title =         {{Search for neutral heavy leptons produced in Z
                   decays}},
  volume =        {C74},
  year =          {1997},
  doi =           {10.1007/s002880050370},
}

@article{Akrawy:1990zq,
  author =        {Akrawy, M. Z. and others},
  journal =       {Phys. Lett.},
  pages =         {448-457},
  title =         {{Limits on neutral heavy lepton production from Z0
                   decay}},
  volume =        {B247},
  year =          {1990},
  doi =           {10.1016/0370-2693(90)90924-U},
}

@article{Sirunyan:2018mtv,
  author =        {Sirunyan, Albert M and others},
  journal =       {Phys. Rev. Lett.},
  number =        {22},
  pages =         {221801},
  title =         {{Search for heavy neutral leptons in events with
                   three charged leptons in proton-proton collisions at
                   $\sqrt{s} =$ 13 TeV}},
  volume =        {120},
  year =          {2018},
  doi =           {10.1103/PhysRevLett.120.221801},
}

@inproceedings{Ballett:2018fah,
  author =        {Ballett, Peter and Boschi, Tommaso and
                   Pascoli, Silvia},
  booktitle =     {{Proceedings, Prospects in Neutrino Physics
                   (NuPhys2017): London, UK, December 20-22, 2017}},
  pages =         {124-128},
  title =         {{Searching for MeV-scale Neutrinos with the DUNE Near
                   Detector}},
  year =          {2018},
}

@article{Ballett:2019bgd,
  author =        {Ballett, Peter and Boschi, Tommaso and
                   Pascoli, Silvia},
  title =         {{Heavy Neutral Leptons from low-scale seesaws at the
                   DUNE Near Detector}},
  year =          {2019},
}

@inproceedings{Drewes:2018irr,
  author =        {Drewes, Marco and Hajer, Jan and Klaric, Juraj and
                   Lanfranchi, Gaia},
  booktitle =     {{53rd Rencontres de Moriond on Electroweak
                   Interactions and Unified Theories (Moriond EW 2018)
                   La Thuile, Italy, March 10-17, 2018}},
  title =         {{Perspectives to find heavy neutrinos with NA62}},
  year =          {2018},
}

@article{Bonivento:2013jag,
  author =        {Bonivento, W. and others},
  title =         {{Proposal to Search for Heavy Neutral Leptons at the
                   SPS}},
  year =          {2013},
}

@article{Alekhin:2015byh,
  author =        {Alekhin, Sergey and others},
  journal =       {Rept. Prog. Phys.},
  number =        {12},
  pages =         {124201},
  title =         {{A facility to Search for Hidden Particles at the
                   CERN SPS: the SHiP physics case}},
  volume =        {79},
  year =          {2016},
  doi =           {10.1088/0034-4885/79/12/124201},
}

@article{Dolgov:2000jw,
  author =        {Dolgov, A. D. and Hansen, S. H. and Raffelt, G. and
                   Semikoz, D. V.},
  journal =       {Nucl. Phys.},
  pages =         {562-574},
  title =         {{Heavy sterile neutrinos: Bounds from big bang
                   nucleosynthesis and SN1987A}},
  volume =        {B590},
  year =          {2000},
  doi =           {10.1016/S0550-3213(00)00566-6},
}

@article{Athanassopoulos:1996jb,
  author =        {Athanassopoulos, C. and others},
  journal =       {Phys. Rev. Lett.},
  pages =         {3082-3085},
  title =         {{Evidence for anti-muon-neutrino --->
                   anti-electron-neutrino oscillations from the LSND
                   experiment at LAMPF}},
  volume =        {77},
  year =          {1996},
  doi =           {10.1103/PhysRevLett.77.3082},
}

@article{ALEPH:2010aa,
  author =        {LEP Electroweak Working Group},
  title =         {{Precision Electroweak Measurements and Constraints
                   on the Standard Model}},
  year =          {2010},
}

@article{Collin:2016aqd,
  author =        {{Collin, G. H. and Arg\"uelles, C. A. and
                   Conrad, J. M. and Shaevitz, M. H.}},
  title =         {{First Constraints on the Complete Neutrino Mixing
                   Matrix with a Sterile Neutrino}},
  year =          {2016},
}

@article{Capozzi:2016vac,
  author =        {Capozzi, Francesco and Giunti, Carlo and
                   Laveder, Marco and Palazzo, Antonio},
  journal =       {Phys. Rev.},
  number =        {3},
  pages =         {033006},
  title =         {{Joint short- and long-baseline constraints on light
                   sterile neutrinos}},
  volume =        {D95},
  year =          {2017},
  doi =           {10.1103/PhysRevD.95.033006},
}

@article{Dentler:2018sju,
  author =        {Dentler, Mona and Hernandez-Cabezudo, Alvaro and
                   Kopp, Joachim and Machado, Pedro A. N. and
                   Maltoni, Michele and Martinez-Soler, Ivan and
                   Schwetz, Thomas},
  journal =       {JHEP},
  pages =         {010},
  title =         {{Updated Global Analysis of Neutrino Oscillations in
                   the Presence of eV-Scale Sterile Neutrinos}},
  volume =        {08},
  year =          {2018},
  doi =           {10.1007/JHEP08(2018)010},
}

@article{AguilarArevalo:2008rc,
  author =        {Aguilar-Arevalo, A. A. and others},
  journal =       {Phys. Rev. Lett.},
  pages =         {101802},
  title =         {{Unexplained Excess of Electron-Like Events From a
                   1-GeV Neutrino Beam}},
  volume =        {102},
  year =          {2009},
  doi =           {10.1103/PhysRevLett.102.101802},
}

@inproceedings{Aguilar-Arevalo:2012fmn,
  author =        {Aguilar-Arevalo, A. A. and others},
  title =         {{A Combined $\nu_\mu \rightarrow \nu_e$ and $\bar
                   \nu_\mu \rightarrow \bar \nu_e$ Oscillation Analysis
                   of the MiniBooNE Excesses}},
  year =          {2012},
  url =           {http://lss.fnal.gov/archive/2012/pub/
                  fermilab-pub-12-394-ad-ppd.pdf},
}

@article{Hill:2010zy,
  author =        {Hill, Richard J.},
  journal =       {Phys. Rev.},
  pages =         {017501},
  title =         {{On the single photon background to $\nu_e$
                   appearance at MiniBooNE}},
  volume =        {D84},
  year =          {2011},
  doi =           {10.1103/PhysRevD.84.017501},
}

@article{Murayama:2000hm,
  author =        {Murayama, Hitoshi and Yanagida, T.},
  journal =       {Phys. Lett.},
  pages =         {263-268},
  title =         {{LSND, SN1987A, and CPT violation}},
  volume =        {B520},
  year =          {2001},
  doi =           {10.1016/S0370-2693(01)01136-4},
}

@article{Strumia:2002fw,
  author =        {Strumia, Alessandro},
  journal =       {Phys. Lett.},
  pages =         {91-101},
  title =         {{Interpreting the LSND anomaly: Sterile neutrinos or
                   CPT violation or...?}},
  volume =        {B539},
  year =          {2002},
  doi =           {10.1016/S0370-2693(02)02042-7},
}

@article{Barenboim:2002ah,
  author =        {Barenboim, G. and Borissov, L. and Lykken, Joseph D.},
  title =         {{CPT violating neutrinos in the light of KamLAND}},
  year =          {2002},
}

@article{GonzalezGarcia:2003jq,
  author =        {Gonzalez-Garcia, M. C. and Maltoni, M. and
                   Schwetz, T.},
  journal =       {Phys. Rev.},
  pages =         {053007},
  title =         {{Status of the CPT violating interpretations of the
                   LSND signal}},
  volume =        {D68},
  year =          {2003},
  doi =           {10.1103/PhysRevD.68.053007},
}

@article{Barger:2003xm,
  author =        {Barger, V. and Marfatia, D. and Whisnant, K.},
  journal =       {Phys. Lett.},
  pages =         {303-308},
  title =         {{LSND anomaly from CPT violation in four neutrino
                   models}},
  volume =        {B576},
  year =          {2003},
  doi =           {10.1016/j.physletb.2003.10.004},
}

@article{Sorel:2003hf,
  author =        {Sorel, Michel and Conrad, Janet M. and
                   Shaevitz, Michael H.},
  journal =       {Phys. Rev.},
  pages =         {073004},
  title =         {{A Combined analysis of short baseline neutrino
                   experiments in the (3+1) and (3+2) sterile neutrino
                   oscillation hypotheses}},
  volume =        {D70},
  year =          {2004},
  doi =           {10.1103/PhysRevD.70.073004},
}

@article{Barenboim:2004wu,
  author =        {Barenboim, Gabriela and Mavromatos, Nick E.},
  journal =       {JHEP},
  pages =         {034},
  title =         {{CPT violating decoherence and LSND: A Possible
                   window to Planck scale physics}},
  volume =        {01},
  year =          {2005},
  doi =           {10.1088/1126-6708/2005/01/034},
}

@article{Zurek:2004vd,
  author =        {Zurek, Kathryn M.},
  journal =       {JHEP},
  pages =         {058},
  title =         {{New matter effects in neutrino oscillation
                   experiments}},
  volume =        {10},
  year =          {2004},
  doi =           {10.1088/1126-6708/2004/10/058},
}

@article{Kaplan:2004dq,
  author =        {Kaplan, David B. and Nelson, Ann E. and Weiner, Neal},
  journal =       {Phys. Rev. Lett.},
  pages =         {091801},
  title =         {{Neutrino oscillations as a probe of dark energy}},
  volume =        {93},
  year =          {2004},
  doi =           {10.1103/PhysRevLett.93.091801},
}

@article{Pas:2005rb,
  author =        {Pas, Heinrich and Pakvasa, Sandip and
                   Weiler, Thomas J.},
  journal =       {Phys. Rev.},
  pages =         {095017},
  title =         {{Sterile-active neutrino oscillations and shortcuts
                   in the extra dimension}},
  volume =        {D72},
  year =          {2005},
  doi =           {10.1103/PhysRevD.72.095017},
}

@article{deGouvea:2006qd,
  author =        {de Gouvêa, Andre and Grossman, Yuval},
  journal =       {Phys. Rev.},
  pages =         {093008},
  title =         {{A Three-flavor, Lorentz-violating solution to the
                   LSND anomaly}},
  volume =        {D74},
  year =          {2006},
  doi =           {10.1103/PhysRevD.74.093008},
}

@article{Schwetz:2007cd,
  author =        {Schwetz, Thomas},
  journal =       {JHEP},
  pages =         {011},
  title =         {{LSND versus MiniBooNE: Sterile neutrinos with energy
                   dependent masses and mixing?}},
  volume =        {02},
  year =          {2008},
  doi =           {10.1088/1126-6708/2008/02/011},
}

@article{Farzan:2008zv,
  author =        {Farzan, Yasaman and Schwetz, Thomas and
                   Smirnov, Alexei Yu},
  journal =       {JHEP},
  pages =         {067},
  title =         {{Reconciling results of LSND, MiniBooNE and other
                   experiments with soft decoherence}},
  volume =        {07},
  year =          {2008},
  doi =           {10.1088/1126-6708/2008/07/067},
}

@article{Hollenberg:2009ws,
  author =        {Hollenberg, Sebastian and Micu, Octavian and
                   Pas, Heinrich and Weiler, Thomas J.},
  journal =       {Phys. Rev.},
  pages =         {093005},
  title =         {{Baseline-dependent neutrino oscillations with
                   extra-dimensional shortcuts}},
  volume =        {D80},
  year =          {2009},
  doi =           {10.1103/PhysRevD.80.093005},
}

@article{Nelson:2010hz,
  author =        {Nelson, Ann E.},
  journal =       {Phys. Rev.},
  pages =         {053001},
  title =         {{Effects of CP Violation from Neutral Heavy Fermions
                   on Neutrino Oscillations, and the LSND/MiniBooNE
                   Anomalies}},
  volume =        {D84},
  year =          {2011},
  doi =           {10.1103/PhysRevD.84.053001},
}

@article{Akhmedov:2010vy,
  author =        {Akhmedov, Evgeny and Schwetz, Thomas},
  journal =       {JHEP},
  pages =         {115},
  title =         {{MiniBooNE and LSND data: Non-standard neutrino
                   interactions in a (3+1) scheme versus (3+2)
                   oscillations}},
  volume =        {10},
  year =          {2010},
  doi =           {10.1007/JHEP10(2010)115},
}

@article{Diaz:2010ft,
  author =        {Diaz, Jorge S. and Kostelecky, V. Alan},
  journal =       {Phys. Lett.},
  pages =         {25-28},
  title =         {{Three-parameter Lorentz-violating texture for
                   neutrino mixing}},
  volume =        {B700},
  year =          {2011},
  doi =           {10.1016/j.physletb.2011.04.049},
}

@article{Bai:2015ztj,
  author =        {Bai, Yang and Lu, Ran and Lu, Sida and Salvado, Jordi and
                   Stefanek, Ben A.},
  journal =       {Phys. Rev.},
  number =        {7},
  pages =         {073004},
  title =         {{Three Twin Neutrinos: Evidence from LSND and
                   MiniBooNE}},
  volume =        {D93},
  year =          {2016},
  doi =           {10.1103/PhysRevD.93.073004},
}

@article{Giunti:2015mwa,
  author =        {Giunti, C. and Zavanin, E. M.},
  journal =       {Mod. Phys. Lett.},
  number =        {01},
  pages =         {1650003},
  title =         {{Appearance–disappearance relation in $3 + N_s$
                   short-baseline neutrino oscillations}},
  volume =        {A31},
  year =          {2015},
  doi =           {10.1142/S0217732316500036},
}

@article{Liao:2016reh,
  author =        {Liao, Jiajun and Marfatia, Danny},
  journal =       {Phys. Rev. Lett.},
  number =        {7},
  pages =         {071802},
  title =         {{Impact of nonstandard interactions on sterile
                   neutrino searches at IceCube}},
  volume =        {117},
  year =          {2016},
  doi =           {10.1103/PhysRevLett.117.071802},
}

@article{Papoulias:2016edm,
  author =        {Papoulias, D. K. and Kosmas, T. S.},
  journal =       {Adv. High Energy Phys.},
  pages =         {1490860},
  title =         {{Impact of Nonstandard Interactions on
                   Neutrino-Nucleon Scattering}},
  volume =        {2016},
  year =          {2016},
  doi =           {10.1155/2016/1490860},
}

@article{Moss:2017pur,
  author =        {{Moss, Zander and Moulai, Marjon H. and
                   Arg\"uelles, Carlos A. and Conrad, Janet M.}},
  journal =       {Phys. Rev.},
  number =        {5},
  pages =         {055017},
  title =         {{Exploring a nonminimal sterile neutrino model
                   involving decay at IceCube}},
  volume =        {D97},
  year =          {2018},
  doi =           {10.1103/PhysRevD.97.055017},
}

@article{Carena:2017qhd,
  author =        {Carena, Marcela and Li, Ying-Ying and
                   Machado, Camila S. and Machado, Pedro A. N. and
                   Wagner, Carlos E. M.},
  title =         {{Neutrinos in Large Extra Dimensions and
                   Short-Baseline $\nu_e$ Appearance}},
  year =          {2017},
}

@article{Liao:2018mbg,
  author =        {Liao, Jiajun and Marfatia, Danny and Whisnant, Kerry},
  title =         {{MiniBooNE, MINOS+ and IceCube data imply a baroque
                   neutrino sector}},
  year =          {2018},
}

@article{Asaadi:2017bhx,
  author =        {Asaadi, J. and Church, E. and Guenette, R. and
                   Jones, B. J. P. and Szelc, A. M.},
  journal =       {Phys. Rev.},
  number =        {7},
  pages =         {075021},
  title =         {{New light Higgs boson and short-baseline neutrino
                   anomalies}},
  volume =        {D97},
  year =          {2018},
  doi =           {10.1103/PhysRevD.97.075021},
}

@article{Doring:2018cob,
  author =        {Döring, Dominik and Päs, Heinrich and
                   Sicking, Philipp and Weiler, Thomas J.},
  title =         {{Sterile Neutrinos with Altered Dispersion Relations
                   as an Explanation for the MiniBooNE, LSND, Gallium
                   and Reactor Anomalies}},
  year =          {2018},
}

@article{Dib:2011jh,
  author =        {Dib, Claudio and Helo, Juan Carlos and
                   Kovalenko, Sergey and Schmidt, Ivan},
  journal =       {Phys. Rev.},
  pages =         {071301},
  title =         {{Sterile neutrino decay explanation of LSND and
                   MiniBooNE anomalies}},
  volume =        {D84},
  year =          {2011},
  doi =           {10.1103/PhysRevD.84.071301},
}

@article{McKeen:2010rx,
  author =        {McKeen, David and Pospelov, Maxim},
  journal =       {Phys. Rev.},
  pages =         {113018},
  title =         {{Muon Capture Constraints on Sterile Neutrino
                   Properties}},
  volume =        {D82},
  year =          {2010},
  doi =           {10.1103/PhysRevD.82.113018},
}

@article{Masip:2011qb,
  author =        {Masip, Manuel and Masjuan, Pere},
  journal =       {Phys. Rev.},
  pages =         {091301},
  title =         {{Heavy-neutrino decays at neutrino telescopes}},
  volume =        {D83},
  year =          {2011},
  doi =           {10.1103/PhysRevD.83.091301},
}

@article{Gninenko:2012rw,
  author =        {Gninenko, S. N.},
  journal =       {Phys. Lett.},
  pages =         {86-90},
  title =         {{New limits on radiative sterile neutrino decays from
                   a search for single photons in neutrino
                   interactions}},
  volume =        {B710},
  year =          {2012},
  doi =           {10.1016/j.physletb.2012.02.071},
}

@article{Magill:2018jla,
  author =        {Magill, Gabriel and Plestid, Ryan and Pospelov, Maxim and
                   Tsai, Yu-Dai},
  title =         {{Dipole portal to heavy neutral leptons}},
  year =          {2018},
}

@article{Bertuzzo:2018ftf,
  author =        {Bertuzzo, Enrico and Jana, Sudip and
                   Machado, Pedro A. N. and Zukanovich Funchal, Renata},
  journal =       {Phys. Lett.},
  pages =         {210-214},
  title =         {{Neutrino Masses and Mixings Dynamically Generated by
                   a Light Dark Sector}},
  volume =        {B791},
  year =          {2019},
  doi =           {10.1016/j.physletb.2019.02.023},
}

@article{Formaggio:1998zn,
  author =        {Formaggio, Joseph A. and Conrad, Janet M. and
                   Shaevitz, Michael and Vaitaitis, Artur and
                   Drucker, Robert},
  journal =       {Phys. Rev.},
  pages =         {7037-7040},
  title =         {{Helicity effects in neutral heavy lepton decays}},
  volume =        {D57},
  year =          {1998},
  doi =           {10.1103/PhysRevD.57.7037},
}

@article{Balantekin:2018ukw,
  author =        {Balantekin, A. Baha and de Gouvêa, André and
                   Kayser, Boris},
  title =         {{Addressing the Majorana vs. Dirac Question with
                   Neutrino Decays}},
  year =          {2018},
}

@article{Chun:2010ve,
  author =        {Chun, Eung Jin and Park, Jong-Chul and
                   Scopel, Stefano},
  journal =       {JHEP},
  pages =         {100},
  title =         {{Dark matter and a new gauge boson through kinetic
                   mixing}},
  volume =        {02},
  year =          {2011},
  doi =           {10.1007/JHEP02(2011)100},
}

@article{Parke:2015goa,
  author =        {Parke, Stephen and Ross-Lonergan, Mark},
  title =         {{Unitarity and the Three Flavour Neutrino Mixing
                   Matrix}},
  year =          {2015},
}

@article{Auerbach:2001wg,
  author =        {Auerbach, L. B. and others},
  journal =       {Phys. Rev.},
  pages =         {112001},
  title =         {{Measurement of electron - neutrino - electron
                   elastic scattering}},
  volume =        {D63},
  year =          {2001},
  doi =           {10.1103/PhysRevD.63.112001},
}

@article{Pospelov:2017kep,
  author =        {Pospelov, Maxim and Tsai, Yu-Dai},
  journal =       {Phys. Lett.},
  pages =         {288-295},
  title =         {{Light scalars and dark photons in Borexino and LSND
                   experiments}},
  volume =        {B785},
  year =          {2018},
  doi =           {10.1016/j.physletb.2018.08.053},
}

@article{Magill:2018tbb,
  author =        {Magill, Gabriel and Plestid, Ryan and Pospelov, Maxim and
                   Tsai, Yu-Dai},
  title =         {{Millicharged particles in neutrino experiments}},
  year =          {2018},
}

@phdthesis{Valencia-Rodriguez:2016vkf,
  author =        {Valencia-Rodriguez, Edgar},
  school =        {Guanajuato U.},
  title =         {{Neutrino - Electron Scattering in MINER$\nu$A for
                   Constraint NuMI Flux at Medium}},
  year =          {2016},
  doi =           {10.2172/1341804},
  url =           {http://lss.fnal.gov/archive/thesis/2000/
                  fermilab-thesis-2016-28.pdf},
}

@article{DeWinter:1989zg,
  author =        {De Winter, K. and others},
  journal =       {Nucl. Instrum. Meth.},
  pages =         {670},
  title =         {{A Detector for the Study of Neutrino - Electron
                   Scattering}},
  volume =        {A278},
  year =          {1989},
  doi =           {10.1016/0168-9002(89)91190-X},
}

@article{Geiregat:1992zv,
  author =        {Geiregat, D. and others},
  journal =       {Nucl. Instrum. Meth.},
  pages =         {92-108},
  title =         {{Calibration and performance of the CHARM-II
                   detector}},
  volume =        {A325},
  year =          {1993},
  doi =           {10.1016/0168-9002(93)91010-K},
}

@{NIST:2018,
  author =        {{Berger, M.J. and Coursey, J.S. and Zucker, M.A. and
                   Chang, J.}},
  title =         {{\url{https://dx.doi.org/10.18434/T4NC7P}}},
}

@book{Leo:1987kd,
  author =        {Leo, W. R.},
  journal =       {Berlin, Germany: Springer (1987) 368 p},
  title =         {{Techniques for Nuclear and Particle Physics
                   Experiments: A How to Approach}},
  year =          {1987},
  isbn =          {9783540572800},
}

@article{Tanabashi:2018oca,
  author =        {Tanabashi, M. and others},
  journal =       {Phys. Rev.},
  number =        {3},
  pages =         {030001},
  title =         {{Review of Particle Physics}},
  volume =        {D98},
  year =          {2018},
  doi =           {10.1103/PhysRevD.98.030001},
}

@article{Allaby:1987bb,
  author =        {Allaby, J. V. and others},
  journal =       {Z. Phys.},
  pages =         {403-410},
  title =         {{Total Cross-sections of Charged Current Neutrino and
                   Anti-neutrino Interactions on Isoscalar Nuclei}},
  volume =        {C38},
  year =          {1988},
  doi =           {10.1007/BF01584388},
}

@article{Jordan:2018qiy,
  author =        {Jordan, Johnathon R. and Kahn, Yonatan and
                   Krnjaic, Gordan and Moschella, Matthew and
                   Spitz, Joshua},
  title =         {{Severe Constraints on New Physics Explanations of
                   the MiniBooNE Excess}},
  year =          {2018},
}

@article{Adamson:2016hyz,
  author =        {Adamson, P. and others},
  journal =       {Phys. Rev.},
  number =        {7},
  pages =         {072006},
  title =         {{Measurement of single $\pi^0$ production by coherent
                   neutral-current $\nu$ Fe interactions in the MINOS
                   Near Detector}},
  volume =        {D94},
  year =          {2016},
  doi =           {10.1103/PhysRevD.94.072006},
}

@article{Wolcott:2016hws,
  author =        {Wolcott, J. and others},
  journal =       {Phys. Rev. Lett.},
  number =        {11},
  pages =         {111801},
  title =         {{Evidence for Neutral-Current Diffractive $\pi^0$
                   Production from Hydrogen in Neutrino Interactions on
                   Hydrocarbon}},
  volume =        {117},
  year =          {2016},
  doi =           {10.1103/PhysRevLett.117.111801},
}

@article{Choubey:2011zzq,
  author =        {Choubey, S. and others},
  title =         {{International Design Study for the Neutrino Factory,
                   Interim Design Report}},
  year =          {2011},
}

@inproceedings{Soler2015,
  author =        {Soler, F. J. P.},
  booktitle =     {{Proceedings, Topical Research Meeting on Prospects
                   in Neutrino Physics (NuPhys2014): London, UK,
                   December 15-17, 2014}},
  title =         {{nuSTORM: Neutrinos from Stored Muons}},
  year =          {2015},
  url =           {https://inspirehep.net/record/1385878/files/
                  arXiv:1507.08836.pdf},
}

@article{Adey:2013pio,
  author =        {Adey, D. and others},
  title =         {{nuSTORM - Neutrinos from STORed Muons: Proposal to
                   the Fermilab PAC}},
  year =          {2013},
}

@article{Long:2018zpc,
  author =        {Long, Kenneth},
  booktitle =     {{Conference on Neutrino and Nuclear Physics
                   (CNNP2017) Catania, Italy, October 15-21, 2017}},
  journal =       {J. Phys. Conf. Ser.},
  number =        {1},
  pages =         {012033},
  title =         {{The nuSTORM experiment}},
  volume =        {1056},
  year =          {2018},
  doi =           {10.1088/1742-6596/1056/1/012033},
}

@article{Schael2006,
  author =        {Schael, S. and others},
  journal =       {Phys. Rept.},
  pages =         {257-454},
  title =         {{Precision electroweak measurements on the $Z$
                   resonance}},
  volume =        {427},
  year =          {2006},
  doi =           {10.1016/j.physrep.2005.12.006},
}

@article{Akhmedov2009,
  author =        {Akhmedov, Evgeny Kh. and
                   Smirnov, Alexei {\relax Yu}.},
  journal =       {Phys. Atom. Nucl.},
  pages =         {1363-1381},
  title =         {{Paradoxes of neutrino oscillations}},
  volume =        {72},
  year =          {2009},
  doi =           {10.1134/S1063778809080122},
}

@article{Akhmedov2012,
  author =        {Akhmedov, Evgeny and Hernandez, Daniel and
                   Smirnov, Alexei},
  journal =       {JHEP},
  pages =         {052},
  title =         {{Neutrino production coherence and oscillation
                   experiments}},
  volume =        {04},
  year =          {2012},
  doi =           {10.1007/JHEP04(2012)052},
}

@article{Hernandez2011,
  author =        {Hernandez, D. and Smirnov, A. {\relax Yu}.},
  journal =       {Phys. Lett.},
  pages =         {360-366},
  title =         {{Active to sterile neutrino oscillations: Coherence
                   and MINOS results}},
  volume =        {B706},
  year =          {2012},
  doi =           {10.1016/j.physletb.2011.11.031},
}

@phdthesis{Tunnell2013,
  author =        {Tunnell, C. D.},
  publisher =     {University of Oxford},
  school =        {University of Oxford},
  type =          {Doctor of Philosophy Thesis},
  title =         {{Designing a 3.8-GeV/c muon-decay ring and experiment
                   sensitive to electronvolt-scale sterile neutrinos}},
  year =          {2013},
}

@article{Mirizzi2014,
  author =        {Mirizzi, Alessandro and Mangano, Gianpiero and
                   Pisanti, Ofelia and Saviano, Ninetta},
  journal =       {Phys. Rev.},
  number =        {2},
  pages =         {025019},
  title =         {{Collisional production of sterile neutrinos via
                   secret interactions and cosmological implications}},
  volume =        {D91},
  year =          {2015},
  doi =           {10.1103/PhysRevD.91.025019},
}

@article{Chu2015,
  author =        {Chu, Xiaoyong and Dasgupta, Basudeb and
                   Kopp, Joachim},
  journal =       {JCAP},
  number =        {10},
  pages =         {011},
  title =         {{Sterile neutrinos with secret interactions—lasting
                   friendship with cosmology}},
  volume =        {1510},
  year =          {2015},
  doi =           {10.1088/1475-7516/2015/10/011},
}

@article{Archidiacono2014,
  author =        {Archidiacono, Maria and Hannestad, Steen and
                   Hansen, Rasmus Sloth and Tram, Thomas},
  journal =       {Phys. Rev.},
  number =        {6},
  pages =         {065021},
  title =         {{Cosmology with self-interacting sterile neutrinos
                   and dark matter - A pseudoscalar model}},
  volume =        {D91},
  year =          {2015},
  doi =           {10.1103/PhysRevD.91.065021},
}

@article{Archidiacono2016,
  author =        {Archidiacono, Maria and Gariazzo, Stefano and
                   Giunti, Carlo and Hannestad, Steen and Hansen, Rasmus and
                   Laveder, Marco and Tram, Thomas},
  journal =       {JCAP},
  number =        {08},
  pages =         {067},
  title =         {{Pseudoscalar—sterile neutrino interactions:
                   reconciling the cosmos with neutrino oscillations}},
  volume =        {1608},
  year =          {2016},
  doi =           {10.1088/1475-7516/2016/08/067},
}

@article{Antusch2006,
  author =        {Antusch, S. and Biggio, C. and Fernandez-Martinez, E. and
                   Gavela, M. B. and Lopez-Pavon, J.},
  journal =       {JHEP},
  pages =         {084},
  title =         {{Unitarity of the Leptonic Mixing Matrix}},
  volume =        {10},
  year =          {2006},
  doi =           {10.1088/1126-6708/2006/10/084},
}

@article{Escrihuela2015,
  author =        {Escrihuela, F. J. and Forero, D. V. and
                   Miranda, O. G. and Tortola, M. and Valle, J. W. F.},
  journal =       {Phys. Rev.},
  note =          {[Erratum: Phys. Rev.D93,no.11,119905(2016)]},
  number =        {5},
  pages =         {053009},
  title =         {{On the description of nonunitary neutrino mixing}},
  volume =        {D92},
  year =          {2015},
  doi =           {10.1103/PhysRevD.93.119905,
                   10.1103/PhysRevD.92.053009},
}

@article{Fernandez-Martinez:2016lgt,
  author =        {Fernandez-Martinez, Enrique and
                   Hernandez-Garcia, Josu and Lopez-Pavon, Jacobo},
  journal =       {JHEP},
  pages =         {033},
  title =         {{Global constraints on heavy neutrino mixing}},
  volume =        {08},
  year =          {2016},
  doi =           {10.1007/JHEP08(2016)033},
}

@article{Shrock:1980ct,
  author =        {Shrock, Robert E.},
  journal =       {Phys. Rev.},
  pages =         {1232},
  title =         {{General Theory of Weak Leptonic and Semileptonic
                   Decays. 1. Leptonic Pseudoscalar Meson Decays, with
                   Associated Tests For, and Bounds on, Neutrino Masses
                   and Lepton Mixing}},
  volume =        {D24},
  year =          {1981},
  doi =           {10.1103/PhysRevD.24.1232},
}

@article{Neuffer2015,
  author =        {Neuffer, David and Liu, Ao and Bross, A.},
  booktitle =     {{Proceedings, 16th International Workshop on Neutrino
                   Factories and Future Neutrino Beam Facilities (NUFACT
                   2014): Glasgow, Scotland, UK, 25–30 August 2014}},
  journal =       {PoS},
  pages =         {068},
  title =         {{NuSTORM $\mu$ Ring – Design and Injection
                   Optimization}},
  volume =        {NUFACT2014},
  year =          {2014},
}

@article{Globes2005,
  author =        {Huber, Patrick and Lindner, M. and Winter, W.},
  journal =       {Comput. Phys. Commun.},
  pages =         {195},
  title =         {{Simulation of long-baseline neutrino oscillation
                   experiments with GLoBES (General Long Baseline
                   Experiment Simulator)}},
  volume =        {167},
  year =          {2005},
  doi =           {10.1016/j.cpc.2005.01.003},
}

@article{Abazajian:2017tcc,
  author =        {Abazajian, Kevork N.},
  journal =       {Phys. Rept.},
  pages =         {1-28},
  title =         {{Sterile neutrinos in cosmology}},
  volume =        {711-712},
  year =          {2017},
  doi =           {10.1016/j.physrep.2017.10.003},
}

@article{Bridle:2016isd,
  author =        {Bridle, Sarah and Elvin-Poole, Jack and Evans, Justin and
                   Fernandez, Susana and Guzowski, Pawel and
                   Soldner-Rembold, Stefan},
  journal =       {Phys. Lett.},
  pages =         {322-327},
  title =         {{A Combined View of Sterile-Neutrino Constraints from
                   CMB and Neutrino Oscillation Measurements}},
  volume =        {B764},
  year =          {2017},
  doi =           {10.1016/j.physletb.2016.11.050},
}

@article{Winter2012a,
  author =        {Winter, Walter},
  journal =       {Phys. Rev.},
  pages =         {113005},
  title =         {{Optimization of a Very Low Energy Neutrino Factory
                   for the Disappearance Into Sterile Neutrinos}},
  volume =        {D85},
  year =          {2012},
  doi =           {10.1103/PhysRevD.85.113005},
}

@article{TheIceCubeCollaboration2016,
  author =        {Aartsen, M. G. and others},
  journal =       {Phys. Rev. Lett.},
  number =        {7},
  pages =         {071801},
  title =         {{Searches for Sterile Neutrinos with the IceCube
                   Detector}},
  volume =        {117},
  year =          {2016},
  doi =           {10.1103/PhysRevLett.117.071801},
}

@article{Collin2016a,
  author =        {Collin, G. H. and Argüelles, C. A. and Conrad, J. M. and
                   Shaevitz, M. H.},
  journal =       {Nucl. Phys.},
  pages =         {354-365},
  title =         {{Sterile Neutrino Fits to Short Baseline Data}},
  volume =        {B908},
  year =          {2016},
  doi =           {10.1016/j.nuclphysb.2016.02.024},
}

@article{Kopp2013,
  author =        {Kopp, Joachim and Machado, Pedro A. N. and
                   Maltoni, Michele and Schwetz, Thomas},
  journal =       {JHEP},
  pages =         {050},
  title =         {{Sterile Neutrino Oscillations: The Global Picture}},
  volume =        {05},
  year =          {2013},
  doi =           {10.1007/JHEP05(2013)050},
}

@article{DeGouvea2015a,
  author =        {de Gouvêa, André and Kelly, Kevin J. and
                   Kobach, Andrew},
  journal =       {Phys. Rev.},
  number =        {5},
  pages =         {053005},
  title =         {{$CP$-invariance violation at short-baseline
                   experiments in 3$+$1 neutrino scenarios}},
  volume =        {D91},
  year =          {2015},
  doi =           {10.1103/PhysRevD.91.053005},
}

@misc{Karagiorgi2010,
  author =        {Karagiorgi, Georgia S.},
  title =         {{Searches for New Physics at MiniBooNE: Sterile
                   Neutrinos and Mixing Freedom}},
  year =          {2010},
  url =           {http://inspirehep.net/record/870554},
}

@article{Ross-Lonergan2016,
  author =        {Ross-Lonergan, Mark},
  title =         {{Constraining Non-Unitarity in the Neutrino Sector
                   using the SBN Facility}},
  url =           {https://indico.fnal.gov/getFile.py/
  access?contribId=68{\&}sessionId=3{\&}resId=0{\&}materialId=slides{\&}confId=11435},
}

@techreport{Acerbi:2645532,
  address =       {Geneva},
  author =        {Acerbi, F and Ballerini, G and Bonesini, M and
                   Brizzolari, C and Brunetti, G and Calviani, M and
                   Carturan, S and Catanesi, MG and Cecchini, S and
                   Cindolo, F and Collazuol, G and Conti, E and
                   Dal Corso, F and De Rosa, G and Delogu, C and
                   Falcone, A and Goddard, B and Gola, A and Intonti, RA and
                   Jollet, C and Kain, V and Klicek, B and Kudenko, Y and
                   Laveder, M and Longhin, A and Loverre, PF and
                   Ludovici, L and Magaletti, L and Mandrioli, G and
                   Margotti, A and Mascagna, V and Mauri, N and
                   Meregaglia, A and Mezzetto, M and Nessi, M and
                   Paoloni, A and Pari, M and Parozzi, E and
                   Pasqualini, L and Paternoster, G and Patrizii, L and
                   Piemonte, C and Pozzato, M and Pupilli, F and
                   Prest, M and Radicioni, E and Riccio, C and
                   Ruggeri, AC and Sirri, G and Soldani, M and
                   Stipcevic, M and Tenti, M and Terranova, F and
                   Torti, M and Vallazza, E and Velotti, F and Vesco, M and
                   Votano, L},
  institution =   {CERN},
  month =         {Oct},
  number =        {CERN-SPSC-2018-034. SPSC-I-248},
  title =         {{The ENUBET project}},
  year =          {2018},
  url =           {http://cds.cern.ch/record/2645532},
}

@article{Acerbi:2019qiv,
  author =        {Acerbi, F. and others},
  title =         {{A high precision neutrino beam for a new generation
                   of short baseline experiments}},
  year =          {2019},
}

@article{Fricke:1995zz,
  author =        {Fricke, G. and Bernhardt, C. and Heilig, K. and
                   Schaller, L. A. and Schellenberg, L. and Shera, E. B. and
                   de Jager, C. W.},
  journal =       {Atom. Data Nucl. Data Tabl.},
  pages =         {177-285},
  title =         {{Nuclear Ground State Charge Radii from
                   Electromagnetic Interactions}},
  volume =        {60},
  year =          {1995},
  doi =           {10.1006/adnd.1995.1007},
}

@article{Jentschura2009,
  author =        {Jentschura, U. D. and Serbo, V. G.},
  journal =       {European Physical Journal C},
  month =         {aug},
  number =        {2},
  pages =         {309--317},
  title =         {{Nuclear form factor, validity of the equivalent
                   photon approximation and Coulomb corrections to muon
                   pair production in photon-nucleus and nucleus-nucleus
                   collisions}},
  volume =        {64},
  year =          {2009},
  doi =           {10.1140/epjc/s10052-009-1147-3},
  issn =          {14346044},
  url =           {http://arxiv.org/abs/0908.3853 http://dx.doi.org/10.1140/
                  epjc/s10052-009-1147-3},
}

@article{Anni1994,
  author =        {Anni, R. and Co, G. and Pellegrino, P.},
  journal =       {Nucl. Phys.},
  pages =         {35-59},
  title =         {{Nuclear charge density distributions from elastic
                   electron scattering data}},
  volume =        {A584},
  year =          {1995},
  doi =           {10.1016/0375-9474(94)00508-K},
}

@article{Sprung1997,
  author =        {D W L Sprung and J Martorell},
  journal =       {Journal of Physics A: Mathematical and General},
  number =        {18},
  pages =         {6525},
  title =         {The symmetrized Fermi function and its transforms},
  volume =        {30},
  year =          {1997},
  abstract =      {The Fermi function is a useful model in many branches
                   of physics, from statistical mechanics to nuclear
                   physics to astrophysics. The symmetrized Fermi
                   function has the advantage that with it, many useful
                   integrals can be evaluated exactly . Strangely, this
                   does not seem to be well known in the physics
                   community.},
  url =           {http://stacks.iop.org/0305-4470/30/i=18/a=026},
}

@article{Duda:2006uk,
  author =        {Duda, Gintaras and Kemper, Ann and Gondolo, Paolo},
  journal =       {JCAP},
  pages =         {012},
  title =         {{Model Independent Form Factors for Spin Independent
                   Neutralino-Nucleon Scattering from Elastic Electron
                   Scattering Data}},
  volume =        {0704},
  year =          {2007},
  doi =           {10.1088/1475-7516/2007/04/012},
}

@article{Grimus:2002nk,
  author =        {Grimus, Walter and Lavoura, Luis},
  journal =       {Phys. Lett.},
  pages =         {86-95},
  title =         {{One-loop corrections to the seesaw mechanism in the
                   multi-Higgs-doublet standard model}},
  volume =        {B546},
  year =          {2002},
  doi =           {10.1016/S0370-2693(02)02672-2},
}

@article{AristizabalSierra:2011mn,
  author =        {Aristizabal Sierra, D. and Yaguna, Carlos E.},
  journal =       {JHEP},
  pages =         {013},
  title =         {{On the importance of the 1-loop finite corrections
                   to seesaw neutrino masses}},
  volume =        {08},
  year =          {2011},
  doi =           {10.1007/JHEP08(2011)013},
}

