@article { example,
	 AUTHOR = {Body, Some and Other, An},
	  TITLE = {An example article},
	JOURNAL = {J. Ex.},
	   YEAR = {2017},
	  PAGES = {1--2},
	  ISSUE = {1},
	    DOI = {10something/fakedoi},
	 EPRINT = {notreal/1234},
}

