@article{Fradette:2018hhl,
      author         = "Fradette, Anthony and Pospelov, Maxim and Pradler, Josef
                        and Ritz, Adam",
      title          = "{Cosmological beam dump: constraints on dark scalars
                        mixed with the Higgs boson}",
      journal        = "Phys. Rev.",
      volume         = "D99",
      year           = "2019",
      number         = "7",
      pages          = "075004",
      doi            = "10.1103/PhysRevD.99.075004",
      eprint         = "1812.07585",
      archivePrefix  = "arXiv",
      primaryClass   = "hep-ph",
      SLACcitation   = "%%CITATION = ARXIV:1812.07585;%%"
}

@article{Silveira:1985rk,
      author         = "Silveira, Vanda and Zee, A.",
      title          = "{SCALAR PHANTOMS}",
      journal        = "Phys. Lett.",
      volume         = "161B",
      year           = "1985",
      pages          = "136-140",
      doi            = "10.1016/0370-2693(85)90624-0",
      reportNumber   = "DOE-ER-40048-13 P5",
      SLACcitation   = "%%CITATION = PHLTA,161B,136;%%"
}

@article{Craig:2013xia,
      author         = "Craig, Nathaniel and Englert, Christoph and McCullough,
                        Matthew",
      title          = "{New Probe of Naturalness}",
      journal        = "Phys. Rev. Lett.",
      volume         = "111",
      year           = "2013",
      number         = "12",
      pages          = "121803",
      doi            = "10.1103/PhysRevLett.111.121803",
      eprint         = "1305.5251",
      archivePrefix  = "arXiv",
      primaryClass   = "hep-ph",
      reportNumber   = "IPPP-13-30, DCPT-13-60, MIT-CTP-4462, RU-NHETC-2013-12",
      SLACcitation   = "%%CITATION = ARXIV:1305.5251;%%"
}