@article{Blennow:2019fhy,
      author         = "Blennow, M. and Fernandez-Martinez, E. and Campo, A.
                        Olivares-Del and Pascoli, S. and Rosauro-Alcaraz, S. and
                        Titov, A. V.",
      title          = "{Neutrino Portals to Dark Matter}",
      year           = "2019",
      eprint         = "1903.00006",
      archivePrefix  = "arXiv",
      primaryClass   = "hep-ph",
      reportNumber   = "FTUAM-19-5, IFT-UAM/CSIC-19-19, IPPP/19/17",
      SLACcitation   = "%%CITATION = ARXIV:1903.00006;%%"
}
@article{Adhikari:2010yt,
      author         = "Adhikari, Rathin and Raychaudhuri, Amitava",
      title          = "{Light neutrinos from massless texture and below TeV
                        seesaw scale}",
      journal        = "Phys. Rev.",
      volume         = "D84",
      year           = "2011",
      pages          = "033002",
      doi            = "10.1103/PhysRevD.84.033002",
      eprint         = "1004.5111",
      archivePrefix  = "arXiv",
      primaryClass   = "hep-ph",
      SLACcitation   = "%%CITATION = ARXIV:1004.5111;%%"
}
@article{Grimus:2000vj,
      author         = "Grimus, W. and Lavoura, L.",
      title          = "{The Seesaw mechanism at arbitrary order: Disentangling
                        the small scale from the large scale}",
      journal        = "JHEP",
      volume         = "11",
      year           = "2000",
      pages          = "042",
      doi            = "10.1088/1126-6708/2000/11/042",
      eprint         = "hep-ph/0008179",
      archivePrefix  = "arXiv",
      primaryClass   = "hep-ph",
      reportNumber   = "UWTHPH-2000-32",
      SLACcitation   = "%%CITATION = HEP-PH/0008179;%%"
}
@article{Barger:2008jx,
      author         = "Barger, Vernon and Langacker, Paul and McCaskey, Mathew
                        and Ramsey-Musolf, Michael and Shaughnessy, Gabe",
      title          = "{Complex Singlet Extension of the Standard Model}",
      journal        = "Phys. Rev.",
      volume         = "D79",
      year           = "2009",
      pages          = "015018",
      doi            = "10.1103/PhysRevD.79.015018",
      eprint         = "0811.0393",
      archivePrefix  = "arXiv",
      primaryClass   = "hep-ph",
      reportNumber   = "MADPH-08-1516, NUHEP-TH-08-06, ANL-HEP-PR-08-58,
                        NPAC-08-21",
      SLACcitation   = "%%CITATION = ARXIV:0811.0393;%%"
}
@inproceedings{Alexander:2016aln,
      author         = "Alexander, Jim and others",
      title          = "{Dark Sectors 2016 Workshop: Community Report}",
      url            = "http://lss.fnal.gov/archive/2016/conf/fermilab-conf-16-421.pdf",
      year           = "2016",
      eprint         = "1608.08632",
      archivePrefix  = "arXiv",
      primaryClass   = "hep-ph",
      reportNumber   = "FERMILAB-CONF-16-421",
      SLACcitation   = "%%CITATION = ARXIV:1608.08632;%%"
}
@article{Pospelov:2013rha,
      author         = "Pospelov, Maxim and Pradler, Josef",
      title          = "{Dark Matter or Neutrino recoil? Interpretation of Recent
                        Experimental Results}",
      journal        = "Phys. Rev.",
      volume         = "D89",
      year           = "2014",
      number         = "5",
      pages          = "055012",
      doi            = "10.1103/PhysRevD.89.055012",
      eprint         = "1311.5764",
      archivePrefix  = "arXiv",
      primaryClass   = "hep-ph",
      SLACcitation   = "%%CITATION = ARXIV:1311.5764;%%"
}
@article{Pospelov:2012gm,
      author         = "Pospelov, Maxim and Pradler, Josef",
      title          = "{Elastic scattering signals of solar neutrinos with
                        enhanced baryonic currents}",
      journal        = "Phys. Rev.",
      volume         = "D85",
      year           = "2012",
      pages          = "113016",
      doi            = "10.1103/PhysRevD.85.113016, 10.1103/PhysRevD.88.039904",
      note           = "[Erratum: Phys. Rev.D88,no.3,039904(2013)]",
      eprint         = "1203.0545",
      archivePrefix  = "arXiv",
      primaryClass   = "hep-ph",
      SLACcitation   = "%%CITATION = ARXIV:1203.0545;%%"
}
@article{Farzan:2009ji,
      author         = "Farzan, Yasaman",
      title          = "{A Minimal model linking two great mysteries: neutrino
                        mass and dark matter}",
      journal        = "Phys. Rev.",
      volume         = "D80",
      year           = "2009",
      pages          = "073009",
      doi            = "10.1103/PhysRevD.80.073009",
      eprint         = "0908.3729",
      archivePrefix  = "arXiv",
      primaryClass   = "hep-ph",
      SLACcitation   = "%%CITATION = ARXIV:0908.3729;%%"
}
@article{Pospelov:2007mp,
      author         = "Pospelov, Maxim and Ritz, Adam and Voloshin, Mikhail B.",
      title          = "{Secluded WIMP Dark Matter}",
      journal        = "Phys. Lett.",
      volume         = "B662",
      year           = "2008",
      pages          = "53-61",
      doi            = "10.1016/j.physletb.2008.02.052",
      eprint         = "0711.4866",
      archivePrefix  = "arXiv",
      primaryClass   = "hep-ph",
      SLACcitation   = "%%CITATION = ARXIV:0711.4866;%%"
}
@article{Farzan:2014gza,
      author         = "Farzan, Yasaman and Palomares-Ruiz, Sergio",
      title          = "{Dips in the Diffuse Supernova Neutrino Background}",
      journal        = "JCAP",
      volume         = "1406",
      year           = "2014",
      pages          = "014",
      doi            = "10.1088/1475-7516/2014/06/014",
      eprint         = "1401.7019",
      archivePrefix  = "arXiv",
      primaryClass   = "hep-ph",
      reportNumber   = "IFIC-14-02",
      SLACcitation   = "%%CITATION = ARXIV:1401.7019;%%"
}
@article{Arguelles:2017atb,
      author         = "Arg√ºelles, Carlos A. and Kheirandish, Ali and Vincent,
                        Aaron C.",
      title          = "{Imaging Galactic Dark Matter with High-Energy Cosmic
                        Neutrinos}",
      journal        = "Phys. Rev. Lett.",
      volume         = "119",
      year           = "2017",
      number         = "20",
      pages          = "201801",
      doi            = "10.1103/PhysRevLett.119.201801",
      eprint         = "1703.00451",
      archivePrefix  = "arXiv",
      primaryClass   = "hep-ph",
      SLACcitation   = "%%CITATION = ARXIV:1703.00451;%%"
}
@article{PalomaresRuiz:2007eu,
      author         = "Palomares-Ruiz, Sergio and Pascoli, Silvia",
      title          = "{Testing MeV dark matter with neutrino detectors}",
      journal        = "Phys. Rev.",
      volume         = "D77",
      year           = "2008",
      pages          = "025025",
      doi            = "10.1103/PhysRevD.77.025025",
      eprint         = "0710.5420",
      archivePrefix  = "arXiv",
      primaryClass   = "astro-ph",
      reportNumber   = "IPPP-07-81, DCPT-07-162",
      SLACcitation   = "%%CITATION = ARXIV:0710.5420;%%"
}
@article{Beacom:2006tt,
      author         = "Beacom, John F. and Bell, Nicole F. and Mack, Gregory D.",
      title          = "{General Upper Bound on the Dark Matter Total
                        Annihilation Cross Section}",
      journal        = "Phys. Rev. Lett.",
      volume         = "99",
      year           = "2007",
      pages          = "231301",
      doi            = "10.1103/PhysRevLett.99.231301",
      eprint         = "astro-ph/0608090",
      archivePrefix  = "arXiv",
      primaryClass   = "astro-ph",
      reportNumber   = "KRL-MAP-322",
      SLACcitation   = "%%CITATION = ASTRO-PH/0608090;%%"
}
@article{Laha:2013xua,
      author         = "Laha, Ranjan and Dasgupta, Basudeb and Beacom, John F.",
      title          = "{Constraints on New Neutrino Interactions via Light
                        Abelian Vector Bosons}",
      journal        = "Phys. Rev.",
      volume         = "D89",
      year           = "2014",
      number         = "9",
      pages          = "093025",
      doi            = "10.1103/PhysRevD.89.093025",
      eprint         = "1304.3460",
      archivePrefix  = "arXiv",
      primaryClass   = "hep-ph",
      SLACcitation   = "%%CITATION = ARXIV:1304.3460;%%"
}
@article{masses:future,
      author         = "Ballett, Peter and Hostert, Matheus and Pascoli, Silvia",
      journal          = "\emph{Neutrino Masses from a Light Dark Neutrino Sector}",
      year           = "2019",
}
@article{Pospelov:2011ha,
      author         = "Pospelov, Maxim",
      title          = "{Neutrino Physics with Dark Matter Experiments and the
                        Signature of New Baryonic Neutral Currents}",
      journal        = "Phys. Rev.",
      volume         = "D84",
      year           = "2011",
      pages          = "085008",
      doi            = "10.1103/PhysRevD.84.085008",
      eprint         = "1103.3261",
      archivePrefix  = "arXiv",
      primaryClass   = "hep-ph",
      SLACcitation   = "%%CITATION = ARXIV:1103.3261;%%"
}
@article{Davoudiasl:2012ag,
      author         = "Davoudiasl, Hooman and Lee, Hye-Sung and Marciano,
                        William J.",
      title          = "{'Dark' Z implications for Parity Violation, Rare Meson
                        Decays, and Higgs Physics}",
      journal        = "Phys. Rev.",
      volume         = "D85",
      year           = "2012",
      pages          = "115019",
      doi            = "10.1103/PhysRevD.85.115019",
      eprint         = "1203.2947",
      archivePrefix  = "arXiv",
      primaryClass   = "hep-ph",
      SLACcitation   = "%%CITATION = ARXIV:1203.2947;%%"
}
@article{Harnik:2012ni,
      author         = "Harnik, Roni and Kopp, Joachim and Machado, Pedro A. N.",
      title          = "{Exploring nu Signals in Dark Matter Detectors}",
      journal        = "JCAP",
      volume         = "1207",
      year           = "2012",
      pages          = "026",
      doi            = "10.1088/1475-7516/2012/07/026",
      eprint         = "1202.6073",
      archivePrefix  = "arXiv",
      primaryClass   = "hep-ph",
      reportNumber   = "FERMILAB-PUB-12-048-T",
      SLACcitation   = "%%CITATION = ARXIV:1202.6073;%%"
}
@article{Perez:2009mu,
      author         = "Fileviez Perez, Pavel and Han, Tao and Li, Tong",
      title          = "{Testability of Type I Seesaw at the CERN LHC: Revealing
                        the Existence of the B-L Symmetry}",
      journal        = "Phys. Rev.",
      volume         = "D80",
      year           = "2009",
      pages          = "073015",
      doi            = "10.1103/PhysRevD.80.073015",
      eprint         = "0907.4186",
      archivePrefix  = "arXiv",
      primaryClass   = "hep-ph",
      reportNumber   = "MADPH-09-1534",
      SLACcitation   = "%%CITATION = ARXIV:0907.4186;%%"
}
@article{Keshavarzi:2018mgv,
      author         = "Keshavarzi, Alexander and Nomura, Daisuke and Teubner,
                        Thomas",
      title          = "{Muon $g-2$ and $\alpha(M_Z^2)$: a new data-based
                        analysis}",
      journal        = "Phys. Rev.",
      volume         = "D97",
      year           = "2018",
      number         = "11",
      pages          = "114025",
      doi            = "10.1103/PhysRevD.97.114025",
      eprint         = "1802.02995",
      archivePrefix  = "arXiv",
      primaryClass   = "hep-ph",
      reportNumber   = "LTH 1153, KEK-TH-2035, LTH-1153, YITP-18-09, LTH 1153;
                        KEK-TH-2035; YITP-18-09",
      SLACcitation   = "%%CITATION = ARXIV:1802.02995;%%"
}
@article{Blum:2018mom,
      author         = "Blum, T. and Boyle, P. A. and G√ºlpers, V. and Izubuchi,
                        T. and Jin, L. and Jung, C. and J√ºttner, A. and Lehner,
                        C. and Portelli, A. and Tsang, J. T.",
      title          = "{Calculation of the hadronic vacuum polarization
                        contribution to the muon anomalous magnetic moment}",
      collaboration  = "RBC, UKQCD",
      journal        = "Phys. Rev. Lett.",
      volume         = "121",
      year           = "2018",
      number         = "2",
      pages          = "022003",
      doi            = "10.1103/PhysRevLett.121.022003",
      eprint         = "1801.07224",
      archivePrefix  = "arXiv",
      primaryClass   = "hep-lat",
      SLACcitation   = "%%CITATION = ARXIV:1801.07224;%%"
}
@article{Bennett:2006fi,
      author         = "Bennett, G. W. and others",
      title          = "{Final Report of the Muon E821 Anomalous Magnetic Moment
                        Measurement at BNL}",
      collaboration  = "Muon g-2",
      journal        = "Phys. Rev.",
      volume         = "D73",
      year           = "2006",
      pages          = "072003",
      doi            = "10.1103/PhysRevD.73.072003",
      eprint         = "hep-ex/0602035",
      archivePrefix  = "arXiv",
      primaryClass   = "hep-ex",
      SLACcitation   = "%%CITATION = HEP-EX/0602035;%%"
}
@article{Sirunyan:2018mtv,
      author         = "Sirunyan, Albert M and others",
      title          = "{Search for heavy neutral leptons in events with three
                        charged leptons in proton-proton collisions at $\sqrt{s}
                        =$ 13 TeV}",
      collaboration  = "CMS",
      journal        = "Phys. Rev. Lett.",
      volume         = "120",
      year           = "2018",
      number         = "22",
      pages          = "221801",
      doi            = "10.1103/PhysRevLett.120.221801",
      eprint         = "1802.02965",
      archivePrefix  = "arXiv",
      primaryClass   = "hep-ex",
      reportNumber   = "CMS-EXO-17-012, CERN-EP-2018-006",
      SLACcitation   = "%%CITATION = ARXIV:1802.02965;%%"
}
@article{McKeen:2018pbb,
  author         = "McKeen, David and Raj, Nirmal",
  title          = "{Monochromatic dark neutrinos and boosted dark matter in
                    noble liquid direct detection}",
  year           = "2018",
  eprint         = "1812.05102",
  archivePrefix  = "arXiv",
  primaryClass   = "hep-ph",
  SLACcitation   = "%%CITATION = ARXIV:1812.05102;%%"
}
@article{PhysRevLett.77.3082,
  title = {Evidence for ${\overline{\ensuremath{\nu}}}_{\ensuremath{\mu}}\ensuremath{\rightarrow}{\overline{\ensuremath{\nu}}}_{\mathit{e}}$ Oscillations from the LSND Experiment at the Los Alamos Meson Physics Facility},
  author = {Athanassopoulos, C. and Auerbach, L. B. and Burman, R. L. and Cohen, I. and Caldwell, D. O. and Dieterle, B. D. and Donahue, J. B. and Eisner, A. M. and Fazely, A. and Federspiel, F. J. and Garvey, G. T. and Gray, M. and Gunasingha, R. M. and Imlay, R. and Johnston, K. and Kim, H. J. and Louis, W. C. and Majkic, R. and Margulies, J. and McIlhany, K. and Metcalf, W. and Mills, G. B. and Reeder, R. A. and Sandberg, V. and Smith, D. and Stancu, I. and Strossman, W. and Tayloe, R. and VanDalen, G. J. and Vernon, W. and Wadia, N. and Waltz, J. and Wang, Y-X. and White, D. H. and Works, D. and Xiao, Y. and Yellin, S.},
  collaboration = {LSND Collaboration},
  journal = {Phys. Rev. Lett.},
  volume = {77},
  issue = {15},
  pages = {3082--3085},
  numpages = {0},
  year = {1996},
  month = {Oct},
  publisher = {American Physical Society},
  doi = {10.1103/PhysRevLett.77.3082},
  url = {https://link.aps.org/doi/10.1103/PhysRevLett.77.3082}
}
@article{Bergstrom:2010qb,
      author         = "Bergstrom, Johannes and Malinsky, Michal and Ohlsson,
                        Tommy and Zhang, He",
      title          = "{Renormalization group running of neutrino parameters in
                        the inverse seesaw model}",
      journal        = "Phys. Rev.",
      volume         = "D81",
      year           = "2010",
      pages          = "116006",
      doi            = "10.1103/PhysRevD.81.116006",
      eprint         = "1004.4628",
      archivePrefix  = "arXiv",
      primaryClass   = "hep-ph",
      SLACcitation   = "%%CITATION = ARXIV:1004.4628;%%"
}
@article{Hettmansperger:2011bt,
      author         = "Hettmansperger, Hans and Lindner, Manfred and Rodejohann,
                        Werner",
      title          = "{Phenomenological Consequences of sub-leading Terms in
                        See-Saw Formulas}",
      journal        = "JHEP",
      volume         = "04",
      year           = "2011",
      pages          = "123",
      doi            = "10.1007/JHEP04(2011)123",
      eprint         = "1102.3432",
      archivePrefix  = "arXiv",
      primaryClass   = "hep-ph",
      SLACcitation   = "%%CITATION = ARXIV:1102.3432;%%"
}
@article{Ilten:2018crw,
      author         = "Ilten, Philip and Soreq, Yotam and Williams, Mike and
                        Xue, Wei",
      title          = "{Serendipity in dark photon searches}",
      journal        = "JHEP",
      volume         = "06",
      year           = "2018",
      pages          = "004",
      doi            = "10.1007/JHEP06(2018)004",
      eprint         = "1801.04847",
      archivePrefix  = "arXiv",
      primaryClass   = "hep-ph",
      reportNumber   = "MIT-CTP/4976, CERN-TH-2017-282, MIT-CTP-4976",
      SLACcitation   = "%%CITATION = ARXIV:1801.04847;%%"
}
@article{Curtin:2014cca,
      author         = "Curtin, David and Essig, Rouven and Gori, Stefania and
                        Shelton, Jessie",
      title          = "{Illuminating Dark Photons with High-Energy Colliders}",
      journal        = "JHEP",
      volume         = "02",
      year           = "2015",
      pages          = "157",
      doi            = "10.1007/JHEP02(2015)157",
      eprint         = "1412.0018",
      archivePrefix  = "arXiv",
      primaryClass   = "hep-ph",
      reportNumber   = "YITP-SB-14-49",
      SLACcitation   = "%%CITATION = ARXIV:1412.0018;%%"
}




@article{DeRomeri:2017oxa,
      author         = "De Romeri, Valentina and Fernandez-Martinez, Enrique and
                        Gehrlein, Julia and Machado, Pedro A. N. and Niro,
                        Viviana",
      title          = "{Dark Matter and the elusive $Z^\prime$ in a dynamical
                        Inverse Seesaw scenario}",
      journal        = "JHEP",
      volume         = "10",
      year           = "2017",
      pages          = "169",
      doi            = "10.1007/JHEP10(2017)169",
      eprint         = "1707.08606",
      archivePrefix  = "arXiv",
      primaryClass   = "hep-ph",
      reportNumber   = "FERMILAB-PUB-17-285-T, FTUAM-17-14, IFT-UAM-CSIC-17-070",
      SLACcitation   = "%%CITATION = ARXIV:1707.08606;%%"
}
@article{Aguilar:2001ty,
      author         = "Aguilar-Arevalo, A. and others",
      title          = "{Evidence for neutrino oscillations from the observation
                        of anti-neutrino(electron) appearance in a
                        anti-neutrino(muon) beam}",
      collaboration  = "LSND",
      journal        = "Phys. Rev.",
      volume         = "D64",
      year           = "2001",
      pages          = "112007",
      doi            = "10.1103/PhysRevD.64.112007",
      eprint         = "hep-ex/0104049",
      archivePrefix  = "arXiv",
      primaryClass   = "hep-ex",
      SLACcitation   = "%%CITATION = HEP-EX/0104049;%%"
}
@article{AguilarArevalo:2007it,
      author         = "Aguilar-Arevalo, A. A. and others",
      title          = "{A Search for electron neutrino appearance at the $\Delta
                        m^{2} \sim 1$eV$^{2}$ scale}",
      collaboration  = "MiniBooNE",
      journal        = "Phys. Rev. Lett.",
      volume         = "98",
      year           = "2007",
      pages          = "231801",
      doi            = "10.1103/PhysRevLett.98.231801",
      eprint         = "0704.1500",
      archivePrefix  = "arXiv",
      primaryClass   = "hep-ex",
      reportNumber   = "FERMILAB-PUB-07-085-E, LA-UR-07-2246",
      SLACcitation   = "%%CITATION = ARXIV:0704.1500;%%"
}
@article{Aguilar-Arevalo:2018gpe,
      author         = "Aguilar-Arevalo, A. A. and others",
      title          = "{Significant Excess of ElectronLike Events in the
                        MiniBooNE Short-Baseline Neutrino Experiment}",
      collaboration  = "MiniBooNE",
      journal        = "Phys. Rev. Lett.",
      volume         = "121",
      year           = "2018",
      number         = "22",
      pages          = "221801",
      doi            = "10.1103/PhysRevLett.121.221801",
      eprint         = "1805.12028",
      archivePrefix  = "arXiv",
      primaryClass   = "hep-ex",
      reportNumber   = "LA-UR-18-24586, FERMILAB-PUB-18-219",
      SLACcitation   = "%%CITATION = ARXIV:1805.12028;%%"
}

@article{Rasmussen:2016njh,
      author         = "Rasmussen, Rasmus W. and Winter, Walter",
      title          = "{Perspectives for tests of neutrino mass generation at
                        the GeV scale: Experimental reach versus theoretical
                        predictions}",
      journal        = "Phys. Rev.",
      volume         = "D94",
      year           = "2016",
      number         = "7",
      pages          = "073004",
      doi            = "10.1103/PhysRevD.94.073004",
      eprint         = "1607.07880",
      archivePrefix  = "arXiv",
      primaryClass   = "hep-ph",
      reportNumber   = "DESY-16-136",
      SLACcitation   = "%%CITATION = ARXIV:1607.07880;%%"
}
@article{Chu:2018gxk,
      author         = "Chu, Xiaoyong and Dasgupta, Basudeb and Dentler, Mona and
                        Kopp, Joachim and Saviano, Ninetta",
      title          = "{Sterile neutrinos with secret
                        interactions‚Äîcosmological discord?}",
      journal        = "JCAP",
      volume         = "1811",
      year           = "2018",
      number         = "11",
      pages          = "049",
      doi            = "10.1088/1475-7516/2018/11/049",
      eprint         = "1806.10629",
      archivePrefix  = "arXiv",
      primaryClass   = "hep-ph",
      SLACcitation   = "%%CITATION = ARXIV:1806.10629;%%"
}
@article{Esmaili:2018qzu,
      author         = "Esmaili, Arman and Nunokawa, Hiroshi",
      title          = "{On the robustness of IceCube's bound on sterile
                        neutrinos in the presence of non-standard interactions}",
      journal        = "Eur. Phys. J.",
      volume         = "C79",
      year           = "2019",
      number         = "1",
      pages          = "70",
      doi            = "10.1140/epjc/s10052-019-6595-9",
      eprint         = "1810.11940",
      archivePrefix  = "arXiv",
      primaryClass   = "hep-ph",
      SLACcitation   = "%%CITATION = ARXIV:1810.11940;%%"
}
@article{Mirizzi:2014ama,
      author         = "Mirizzi, Alessandro and Mangano, Gianpiero and Pisanti,
                        Ofelia and Saviano, Ninetta",
      title          = "{Collisional production of sterile neutrinos via secret
                        interactions and cosmological implications}",
      journal        = "Phys. Rev.",
      volume         = "D91",
      year           = "2015",
      number         = "2",
      pages          = "025019",
      doi            = "10.1103/PhysRevD.91.025019",
      eprint         = "1410.1385",
      archivePrefix  = "arXiv",
      primaryClass   = "hep-ph",
      reportNumber   = "IPPP-14-87, DCPT-14-174",
      SLACcitation   = "%%CITATION = ARXIV:1410.1385;%%"
}
@article{Capozzi:2017auw,
      author         = "Capozzi, Francesco and Shoemaker, Ian M. and Vecchi,
                        Luca",
      title          = "{Solar Neutrinos as a Probe of Dark Matter-Neutrino
                        Interactions}",
      journal        = "JCAP",
      volume         = "1707",
      year           = "2017",
      number         = "07",
      pages          = "021",
      doi            = "10.1088/1475-7516/2017/07/021",
      eprint         = "1702.08464",
      archivePrefix  = "arXiv",
      primaryClass   = "hep-ph",
      SLACcitation   = "%%CITATION = ARXIV:1702.08464;%%"
}
@article{Cherry:2014xra,
      author         = "Cherry, John F. and Friedland, Alexander and Shoemaker,
                        Ian M.",
      title          = "{Neutrino Portal Dark Matter: From Dwarf Galaxies to
                        IceCube}",
      year           = "2014",
      eprint         = "1411.1071",
      archivePrefix  = "arXiv",
      primaryClass   = "hep-ph",
      reportNumber   = "CP3-Origins-2014-034, DIAS-2014-34, LA-UR-14-28339",
      SLACcitation   = "%%CITATION = ARXIV:1411.1071;%%"
}
@article{Cherry:2016jol,
      author         = "Cherry, John F. and Friedland, Alexander and Shoemaker,
                        Ian M.",
      title          = "{Short-baseline neutrino oscillations, Planck, and
                        IceCube}",
      year           = "2016",
      eprint         = "1605.06506",
      archivePrefix  = "arXiv",
      primaryClass   = "hep-ph",
      reportNumber   = "SLAC-PUB-16517",
      SLACcitation   = "%%CITATION = ARXIV:1605.06506;%%"
}
@article{Denton:2018dqq,
      author         = "Denton, Peter B. and Farzan, Yasaman and Shoemaker, Ian
                        M.",
      title          = "{Activating the fourth neutrino of the 3+1 scheme}",
      journal        = "Phys. Rev.",
      volume         = "D99",
      year           = "2019",
      number         = "3",
      pages          = "035003",
      doi            = "10.1103/PhysRevD.99.035003",
      eprint         = "1811.01310",
      archivePrefix  = "arXiv",
      primaryClass   = "hep-ph",
      SLACcitation   = "%%CITATION = ARXIV:1811.01310;%%"
}
@article{Dasgupta:2013zpn,
      author         = "Dasgupta, Basudeb and Kopp, Joachim",
      title          = "{Cosmologically Safe eV-Scale Sterile Neutrinos and
                        Improved Dark Matter Structure}",
      journal        = "Phys. Rev. Lett.",
      volume         = "112",
      year           = "2014",
      number         = "3",
      pages          = "031803",
      doi            = "10.1103/PhysRevLett.112.031803",
      eprint         = "1310.6337",
      archivePrefix  = "arXiv",
      primaryClass   = "hep-ph",
      SLACcitation   = "%%CITATION = ARXIV:1310.6337;%%"
}
@article{Hannestad:2013ana,
      author         = "Hannestad, Steen and Hansen, Rasmus Sloth and Tram,
                        Thomas",
      title          = "{How Self-Interactions can Reconcile Sterile Neutrinos
                        with Cosmology}",
      journal        = "Phys. Rev. Lett.",
      volume         = "112",
      year           = "2014",
      number         = "3",
      pages          = "031802",
      doi            = "10.1103/PhysRevLett.112.031802",
      eprint         = "1310.5926",
      archivePrefix  = "arXiv",
      primaryClass   = "astro-ph.CO",
      SLACcitation   = "%%CITATION = ARXIV:1310.5926;%%"
}
@article{Dev:2012sg,
      author         = "Dev, P. S. Bhupal and Pilaftsis, Apostolos",
      title          = "{Minimal Radiative Neutrino Mass Mechanism for Inverse
                        Seesaw Models}",
      journal        = "Phys. Rev.",
      volume         = "D86",
      year           = "2012",
      pages          = "113001",
      doi            = "10.1103/PhysRevD.86.113001",
      eprint         = "1209.4051",
      archivePrefix  = "arXiv",
      primaryClass   = "hep-ph",
      reportNumber   = "MAN-HEP-2012-14",
      SLACcitation   = "%%CITATION = ARXIV:1209.4051;%%"
}
@article{Dev:2012bd,
      author         = "Bhupal Dev, P. S. and Pilaftsis, Apostolos",
      title          = "{Light and Superlight Sterile Neutrinos in the Minimal
                        Radiative Inverse Seesaw Model}",
      journal        = "Phys. Rev.",
      volume         = "D87",
      year           = "2013",
      number         = "5",
      pages          = "053007",
      doi            = "10.1103/PhysRevD.87.053007",
      eprint         = "1212.3808",
      archivePrefix  = "arXiv",
      primaryClass   = "hep-ph",
      reportNumber   = "MAN-HEP-2012-020",
      SLACcitation   = "%%CITATION = ARXIV:1212.3808;%%"
}
@article{Eguchi:2002dm,
      author         = "Eguchi, K. and others",
      title          = "{First results from KamLAND: Evidence for reactor
                        anti-neutrino disappearance}",
      collaboration  = "KamLAND",
      journal        = "Phys. Rev. Lett.",
      volume         = "90",
      year           = "2003",
      pages          = "021802",
      doi            = "10.1103/PhysRevLett.90.021802",
      eprint         = "hep-ex/0212021",
      archivePrefix  = "arXiv",
      primaryClass   = "hep-ex",
      SLACcitation   = "%%CITATION = HEP-EX/0212021;%%"
}
@article{Ahmad:2002jz,
      author         = "Ahmad, Q. R. and others",
      title          = "{Direct evidence for neutrino flavor transformation from
                        neutral current interactions in the Sudbury Neutrino
                        Observatory}",
      collaboration  = "SNO",
      journal        = "Phys. Rev. Lett.",
      volume         = "89",
      year           = "2002",
      pages          = "011301",
      doi            = "10.1103/PhysRevLett.89.011301",
      eprint         = "nucl-ex/0204008",
      archivePrefix  = "arXiv",
      primaryClass   = "nucl-ex",
      SLACcitation   = "%%CITATION = NUCL-EX/0204008;%%"
}
@article{Fukuda:1998ah,
      author         = "Fukuda, Y. and others",
      title          = "{Measurement of the flux and zenith angle distribution of
                        upward through going muons by Super-Kamiokande}",
      collaboration  = "Super-Kamiokande",
      journal        = "Phys. Rev. Lett.",
      volume         = "82",
      year           = "1999",
      pages          = "2644-2648",
      doi            = "10.1103/PhysRevLett.82.2644",
      eprint         = "hep-ex/9812014",
      archivePrefix  = "arXiv",
      primaryClass   = "hep-ex",
      reportNumber   = "ICRR-REPORT-440-98-36, BUHEP-98-29, KEK-PREPRINT-98-203,
                        OULNS-98-06, UCI-98-15, UMD-PP-99-061, LSU-HEPA-7-98,
                        SBHEP-98-7",
      SLACcitation   = "%%CITATION = HEP-EX/9812014;%%"
}
@article{Baek:2015mna,
      author         = "Baek, Seungwon and Okada, Hiroshi and Yagyu, Kei",
      title          = "{Flavour Dependent Gauged Radiative Neutrino Mass Model}",
      journal        = "JHEP",
      volume         = "04",
      year           = "2015",
      pages          = "049",
      doi            = "10.1007/JHEP04(2015)049",
      eprint         = "1501.01530",
      archivePrefix  = "arXiv",
      primaryClass   = "hep-ph",
      reportNumber   = "KIAS-P15001",
      SLACcitation   = "%%CITATION = ARXIV:1501.01530;%%"
}
@article{Khalil:2006yi,
      author         = "Khalil, Shaaban",
      title          = "{Low scale $B$ - L extension of the Standard Model at the
                        LHC}",
      journal        = "J. Phys.",
      volume         = "G35",
      year           = "2008",
      pages          = "055001",
      doi            = "10.1088/0954-3899/35/5/055001",
      eprint         = "hep-ph/0611205",
      archivePrefix  = "arXiv",
      primaryClass   = "hep-ph",
      SLACcitation   = "%%CITATION = HEP-PH/0611205;%%"
}
@article{Nomura:2018mwr,
      author         = "Nomura, Takaaki and Okada, Hiroshi",
      title          = "{An inverse seesaw model with $U(1)_R$ gauge symmetry}",
      journal        = "LHEP",
      volume         = "1",
      year           = "2018",
      number         = "2",
      pages          = "10-13",
      doi            = "10.31526/LHEP.2.2018.01",
      eprint         = "1806.01714",
      archivePrefix  = "arXiv",
      primaryClass   = "hep-ph",
      reportNumber   = "KIAS-P18088, APCTP Pre2018-010",
      SLACcitation   = "%%CITATION = ARXIV:1806.01714;%%"
}
@article{Khalil:2010iu,
      author         = "Khalil, Shaaban",
      title          = "{TeV-scale gauged B-L symmetry with inverse seesaw
                        mechanism}",
      journal        = "Phys. Rev.",
      volume         = "D82",
      year           = "2010",
      pages          = "077702",
      doi            = "10.1103/PhysRevD.82.077702",
      eprint         = "1004.0013",
      archivePrefix  = "arXiv",
      primaryClass   = "hep-ph",
      SLACcitation   = "%%CITATION = ARXIV:1004.0013;%%"
}
@article{Okada:2014nsa,
      author         = "Okada, Hiroshi and Yagyu, Kei",
      title          = "{Radiative generation of lepton masses with the $U(1)^\prime$ gauge symmetry}",
      journal        = "Phys. Rev.",
      volume         = "D90",
      year           = "2014",
      number         = "3",
      pages          = "035019",
      doi            = "10.1103/PhysRevD.90.035019",
      eprint         = "1405.2368",
      archivePrefix  = "arXiv",
      primaryClass   = "hep-ph",
      reportNumber   = "KIAS-P14032",
      SLACcitation   = "%%CITATION = ARXIV:1405.2368;%%"
}
@article{Dib:2014fua,
      author         = "Dib, Claudio O. and Moreno, Gaston R. and Neill, Nicolas
                        A.",
      title          = "{Neutrinos with a linear seesaw mechanism in a scenario
                        of gauged B-L symmetry}",
      journal        = "Phys. Rev.",
      volume         = "D90",
      year           = "2014",
      number         = "11",
      pages          = "113003",
      doi            = "10.1103/PhysRevD.90.113003",
      eprint         = "1409.1868",
      archivePrefix  = "arXiv",
      primaryClass   = "hep-ph",
      SLACcitation   = "%%CITATION = ARXIV:1409.1868;%%"
}
@article{Boucenna:2014zba,
      author         = "Boucenna, Sofiane M. and Morisi, Stefano and Valle, Jos√©
                        W. F.",
      title          = "{The low-scale approach to neutrino masses}",
      journal        = "Adv. High Energy Phys.",
      volume         = "2014",
      year           = "2014",
      pages          = "831598",
      doi            = "10.1155/2014/831598",
      eprint         = "1404.3751",
      archivePrefix  = "arXiv",
      primaryClass   = "hep-ph",
      SLACcitation   = "%%CITATION = ARXIV:1404.3751;%%"
}
@article{Cheng:1980qt,
      author         = "Cheng, T. P. and Li, Ling-Fong",
      title          = "{Neutrino Masses, Mixings and Oscillations in SU(2) x
                        U(1) Models of Electroweak Interactions}",
      journal        = "Phys. Rev.",
      volume         = "D22",
      year           = "1980",
      pages          = "2860",
      doi            = "10.1103/PhysRevD.22.2860",
      reportNumber   = "PRINT-80-0511 (CARNEGIE-MELLON), COO-3066-152",
      SLACcitation   = "%%CITATION = PHRVA,D22,2860;%%"
}
@article{Cai:2017jrq,
      author         = "Cai, Yi and Herrero-Garc√≠a, Juan and Schmidt, Michael A.
                        and Vicente, Avelino and Volkas, Raymond R.",
      title          = "{From the trees to the forest: a review of radiative
                        neutrino mass models}",
      journal        = "Front.in Phys.",
      volume         = "5",
      year           = "2017",
      pages          = "63",
      doi            = "10.3389/fphy.2017.00063",
      eprint         = "1706.08524",
      archivePrefix  = "arXiv",
      primaryClass   = "hep-ph",
      reportNumber   = "ADP-17-29-T1035",
      SLACcitation   = "%%CITATION = ARXIV:1706.08524;%%"
}
@article{Lazarides:1980nt,
      author         = "Lazarides, George and Shafi, Q. and Wetterich, C.",
      title          = "{Proton Lifetime and Fermion Masses in an SO(10) Model}",
      journal        = "Nucl. Phys.",
      volume         = "B181",
      year           = "1981",
      pages          = "287-300",
      doi            = "10.1016/0550-3213(81)90354-0",
      reportNumber   = "FREIBURG-THEP-80-2",
      SLACcitation   = "%%CITATION = NUPHA,B181,287;%%"
}


@article{Yanagida:1979as,
      author         = "Yanagida, Tsutomu",
      title          = "{HORIZONTAL SYMMETRY AND MASSES OF NEUTRINOS}",
      booktitle      = "{Proceedings: Workshop on the Unified Theories and the
                        Baryon Number in the Universe: Tsukuba, Japan, February
                        13-14, 1979}",
      journal        = "Conf. Proc.",
      volume         = "C7902131",
      year           = "1979",
      pages          = "95-99",
      reportNumber   = "KEK-79-18-95",
      SLACcitation   = "%%CITATION = CONFP,C7902131,95;%%"
}

@article{GellMann:1980vs,
      author         = "Gell-Mann, Murray and Ramond, Pierre and Slansky,
                        Richard",
      title          = "{Complex Spinors and Unified Theories}",
      booktitle      = "{Supergravity Workshop Stony Brook, New York, September
                        27-28, 1979}",
      journal        = "Conf. Proc.",
      volume         = "C790927",
      year           = "1979",
      pages          = "315-321",
      eprint         = "1306.4669",
      archivePrefix  = "arXiv",
      primaryClass   = "hep-th",
      reportNumber   = "PRINT-80-0576",
      SLACcitation   = "%%CITATION = ARXIV:1306.4669;%%"
}

@article{Mohapatra:1979ia,
      author         = "Mohapatra, Rabindra N. and Senjanovic, Goran",
      title          = "{Neutrino Mass and Spontaneous Parity Violation}",
      journal        = "Phys. Rev. Lett.",
      volume         = "44",
      year           = "1980",
      pages          = "912",
      doi            = "10.1103/PhysRevLett.44.912",
      note           = "[,231(1979)]",
      reportNumber   = "MDDP-TR-80-060, MDDP-PP-80-105, CCNY-HEP-79-10",
      SLACcitation   = "%%CITATION = PRLTA,44,912;%%"
}

@article{Minkowski:1977sc,
      author         = "Minkowski, Peter",
      title          = "{$\mu \to e\gamma$ at a Rate of One Out of $10^{9}$ Muon
                        Decays?}",
      journal        = "Phys. Lett.",
      volume         = "67B",
      year           = "1977",
      pages          = "421-428",
      doi            = "10.1016/0370-2693(77)90435-X",
      reportNumber   = "Print-77-0182 (BERN)",
      SLACcitation   = "%%CITATION = PHLTA,67B,421;%%"
}

@article{Mohapatra:1980yp,
      author         = "Mohapatra, Rabindra N. and Senjanovic, Goran",
      title          = "{Neutrino Masses and Mixings in Gauge Models with
                        Spontaneous Parity Violation}",
      journal        = "Phys. Rev.",
      volume         = "D23",
      year           = "1981",
      pages          = "165",
      doi            = "10.1103/PhysRevD.23.165",
      reportNumber   = "FERMILAB-PUB-80-061-THY, FERMILAB-PUB-80-061-T",
      SLACcitation   = "%%CITATION = PHRVA,D23,165;%%"
}

@article{Foot:1988aq,
      author         = "Foot, Robert and Lew, H. and He, X. G. and Joshi, Girish
                        C.",
      title          = "{Seesaw Neutrino Masses Induced by a Triplet of Leptons}",
      journal        = "Z. Phys.",
      volume         = "C44",
      year           = "1989",
      pages          = "441",
      doi            = "10.1007/BF01415558",
      reportNumber   = "UM-P-88/89, OZ-P-88/7",
      SLACcitation   = "%%CITATION = ZEPYA,C44,441;%%"
}

@article{Schechter:1980gr,
      author         = "Schechter, J. and Valle, J. W. F.",
      title          = "{Neutrino Masses in SU(2) x U(1) Theories}",
      journal        = "Phys. Rev.",
      volume         = "D22",
      year           = "1980",
      pages          = "2227",
      doi            = "10.1103/PhysRevD.22.2227",
      reportNumber   = "SU-4217-167, COO-3533-167",
      SLACcitation   = "%%CITATION = PHRVA,D22,2227;%%"
}
@article{Mohapatra:1986bd,
      author         = "Mohapatra, R. N. and Valle, J. W. F.",
      title          = "{Neutrino Mass and Baryon Number Nonconservation in
                        Superstring Models}",
      booktitle      = "{Sixty years of double beta decay: From nuclear physics
                        to beyond standard model particle physics}",
      journal        = "Phys. Rev.",
      volume         = "D34",
      year           = "1986",
      pages          = "1642",
      doi            = "10.1103/PhysRevD.34.1642",
      note           = "[,235(1986)]",
      reportNumber   = "MdDP-PP-86-127",
      SLACcitation   = "%%CITATION = PHRVA,D34,1642;%%"
}
@article{GonzalezGarcia:1988rw,
      author         = "Gonzalez-Garcia, M. C. and Valle, J. W. F.",
      title          = "{Fast Decaying Neutrinos and Observable Flavor Violation
                        in a New Class of Majoron Models}",
      journal        = "Phys. Lett.",
      volume         = "B216",
      year           = "1989",
      pages          = "360-366",
      doi            = "10.1016/0370-2693(89)91131-3",
      reportNumber   = "CERN-TH-5170-88, FTUV-10-88",
      SLACcitation   = "%%CITATION = PHLTA,B216,360;%%"
}
@article{Barry:2011wb,
      author         = "Barry, James and Rodejohann, Werner and Zhang, He",
      title          = "{Light Sterile Neutrinos: Models and Phenomenology}",
      journal        = "JHEP",
      volume         = "07",
      year           = "2011",
      pages          = "091",
      doi            = "10.1007/JHEP07(2011)091",
      eprint         = "1105.3911",
      archivePrefix  = "arXiv",
      primaryClass   = "hep-ph",
      SLACcitation   = "%%CITATION = ARXIV:1105.3911;%%"
}
@article{Zhang:2011vh,
      author         = "Zhang, He",
      title          = "{Light Sterile Neutrino in the Minimal Extended Seesaw}",
      journal        = "Phys. Lett.",
      volume         = "B714",
      year           = "2012",
      pages          = "262-266",
      doi            = "10.1016/j.physletb.2012.06.074",
      eprint         = "1110.6838",
      archivePrefix  = "arXiv",
      primaryClass   = "hep-ph",
      SLACcitation   = "%%CITATION = ARXIV:1110.6838;%%"
}
@article{Arguelles:2018mtc,
      author         = "Arg√ºelles, Carlos A. and Hostert, Matheus and Tsai,
                        Yu-Dai",
      title          = "{Testing New Physics Explanations of MiniBooNE Anomaly at
                        Neutrino Scattering Experiments}",
      year           = "2018",
      eprint         = "1812.08768",
      archivePrefix  = "arXiv",
      primaryClass   = "hep-ph",
      reportNumber   = "IPPP/18/113/FERMILAB-PUB-18-686-A-ND-PPD-T",
      SLACcitation   = "%%CITATION = ARXIV:1812.08768;%%"
}
@article{Chikashige:1980ui,
      author         = "Chikashige, Y. and Mohapatra, Rabindra N. and Peccei, R.
                        D.",
      title          = "{Are There Real Goldstone Bosons Associated with Broken
                        Lepton Number?}",
      journal        = "Phys. Lett.",
      volume         = "98B",
      year           = "1981",
      pages          = "265-268",
      doi            = "10.1016/0370-2693(81)90011-3",
      reportNumber   = "MPI-PAE-PTH-36-80",
      SLACcitation   = "%%CITATION = PHLTA,98B,265;%%"
}
@article{Buchmuller:1991ce,
      author         = "Buchmuller, W. and Greub, C. and Minkowski, P.",
      title          = "{Neutrino masses, neutral vector bosons and the scale of
                        B-L breaking}",
      journal        = "Phys. Lett.",
      volume         = "B267",
      year           = "1991",
      pages          = "395-399",
      doi            = "10.1016/0370-2693(91)90952-M",
      reportNumber   = "DESY-91-053",
      SLACcitation   = "%%CITATION = PHLTA,B267,395;%%"
}
@article{Yamazaki:1984sj,
      author         = "Yamazaki, T. and others",
      title          = "{Search for Heavy Neutrinos in Kaon Decay}",
      booktitle      = "{22nd International Conference on High Energy Physics.
                        Vol. 1: Leipzig, Germany, July 19-25, 1984}",
      year           = "1984",
      pages          = "I.262",
      note           = "Conf. Proc.C840719,262(1984)",
      SLACcitation   = "%%CITATION = INSPIRE-211342;%%"
}
@article{Bonivento:2013jag,
      author         = "Bonivento, W. and others",
      title          = "{Proposal to Search for Heavy Neutral Leptons at the
                        SPS}",
      year           = "2013",
      eprint         = "1310.1762",
      archivePrefix  = "arXiv",
      primaryClass   = "hep-ex",
      reportNumber   = "CERN-SPSC-2013-024, SPSC-EOI-010",
      SLACcitation   = "%%CITATION = ARXIV:1310.1762;%%"
}
@inproceedings{Drewes:2018irr,
      author         = "Drewes, Marco and Hajer, Jan and Klaric, Juraj and
                        Lanfranchi, Gaia",
      title          = "{Perspectives to find heavy neutrinos with NA62}",
      booktitle      = "{53rd Rencontres de Moriond on Electroweak Interactions
                        and Unified Theories (Moriond EW 2018) La Thuile, Italy,
                        March 10-17, 2018}",
      year           = "2018",
      eprint         = "1806.00100",
      archivePrefix  = "arXiv",
      primaryClass   = "hep-ph",
      SLACcitation   = "%%CITATION = ARXIV:1806.00100;%%"
}
@article{Bakhti:2018avv,
      author         = "Bakhti, P. and Farzan, Y. and Rajaee, M.",
      title          = "{Secret interactions of neutrinos with light gauge boson
                        at the DUNE near detector}",
      year           = "2018",
      eprint         = "1810.04441",
      archivePrefix  = "arXiv",
      primaryClass   = "hep-ph",
      SLACcitation   = "%%CITATION = ARXIV:1810.04441;%%"
}
@article{Bakhti:2017jhm,
      author         = "Bakhti, Pouya and Farzan, Yasaman",
      title          = "{Constraining secret gauge interactions of neutrinos by
                        meson decays}",
      journal        = "Phys. Rev.",
      volume         = "D95",
      year           = "2017",
      number         = "9",
      pages          = "095008",
      doi            = "10.1103/PhysRevD.95.095008",
      eprint         = "1702.04187",
      archivePrefix  = "arXiv",
      primaryClass   = "hep-ph",
      SLACcitation   = "%%CITATION = ARXIV:1702.04187;%%"
}
@article{Alekhin:2015byh,
      author         = "Alekhin, Sergey and others",
      title          = "{A facility to Search for Hidden Particles at the CERN
                        SPS: the SHiP physics case}",
      journal        = "Rept. Prog. Phys.",
      volume         = "79",
      year           = "2016",
      number         = "12",
      pages          = "124201",
      doi            = "10.1088/0034-4885/79/12/124201",
      eprint         = "1504.04855",
      archivePrefix  = "arXiv",
      primaryClass   = "hep-ph",
      reportNumber   = "CERN-SPSC-2015-017, SPSC-P-350-ADD-1",
      SLACcitation   = "%%CITATION = ARXIV:1504.04855;%%"
}
@article{Artamonov:2014urb,
      author         = "Artamonov, A. V. and others",
      title          = "{Search for heavy neutrinos in $K^+\to\mu^+\nu_H$
                        decays}",
      collaboration  = "E949",
      journal        = "Phys. Rev.",
      volume         = "D91",
      year           = "2015",
      number         = "5",
      pages          = "052001",
      doi            = "10.1103/PhysRevD.91.059903, 10.1103/PhysRevD.91.052001",
      note           = "[Erratum: Phys. Rev.D91,no.5,059903(2015)]",
      eprint         = "1411.3963",
      archivePrefix  = "arXiv",
      primaryClass   = "hep-ex",
      reportNumber   = "FERMILAB-PUB-14-609-E",
      SLACcitation   = "%%CITATION = ARXIV:1411.3963;%%"
}
@article{Ballett:2018ynz,
      author         = "Ballett, Peter and Pascoli, Silvia and Ross-Lonergan,
                        Mark",
      title          = "{U(1)' mediated decays of heavy sterile neutrinos in
                        MiniBooNE}",
      year           = "2018",
      eprint         = "1808.02915",
      archivePrefix  = "arXiv",
      primaryClass   = "hep-ph",
      reportNumber   = "IPPP/18/70",
      SLACcitation   = "%%CITATION = ARXIV:1808.02915;%%"
}
@inproceedings{Ballett:2018fah,
      author         = "Ballett, Peter and Boschi, Tommaso and Pascoli, Silvia",
      title          = "{Searching for MeV-scale Neutrinos with the DUNE Near
                        Detector}",
      booktitle      = "{Proceedings, Prospects in Neutrino Physics (NuPhys2017):
                        London, UK, December 20-22, 2017}",
      year           = "2018",
      pages          = "124-128",
      eprint         = "1803.10824",
      archivePrefix  = "arXiv",
      primaryClass   = "hep-ph",
      reportNumber   = "NuPhys2017-Boschi, NUPHYS2017-BOSCHI",
      SLACcitation   = "%%CITATION = ARXIV:1803.10824;%%"
}
@article{Ballett:2016opr,
      author         = "Ballett, Peter and Pascoli, Silvia and Ross-Lonergan,
                        Mark",
      title          = "{MeV-scale sterile neutrino decays at the Fermilab
                        Short-Baseline Neutrino program}",
      journal        = "JHEP",
      volume         = "04",
      year           = "2017",
      pages          = "102",
      doi            = "10.1007/JHEP04(2017)102",
      eprint         = "1610.08512",
      archivePrefix  = "arXiv",
      primaryClass   = "hep-ph",
      SLACcitation   = "%%CITATION = ARXIV:1610.08512;%%"
}
@article{Bertuzzo:2018itn,
      author         = "Bertuzzo, Enrico and Jana, Sudip and Machado, Pedro A. N.
                        and Zukanovich Funchal, Renata",
      title          = "{A Dark Neutrino Portal to Explain MiniBooNE}",
      year           = "2018",
      eprint         = "1807.09877",
      archivePrefix  = "arXiv",
      primaryClass   = "hep-ph",
      reportNumber   = "FERMILAB-PUB-18-336-T, OSU-HEP-18-04",
      SLACcitation   = "%%CITATION = ARXIV:1807.09877;%%"
}
@article{Kang:2006sn,
      author         = "Kang, Sin Kyu and Kim, C. S.",
      title          = "{Extended double seesaw model for neutrino mass spectrum
                        and low scale leptogenesis}",
      journal        = "Phys. Lett.",
      volume         = "B646",
      year           = "2007",
      pages          = "248-252",
      doi            = "10.1016/j.physletb.2006.12.071",
      eprint         = "hep-ph/0607072",
      archivePrefix  = "arXiv",
      primaryClass   = "hep-ph",
      SLACcitation   = "%%CITATION = HEP-PH/0607072;%%"
}

@article{Pilaftsis:1991ug,
      author         = "Pilaftsis, Apostolos",
      title          = "{Radiatively induced neutrino masses and large Higgs
                        neutrino couplings in the standard model with Majorana
                        fields}",
      journal        = "Z. Phys.",
      volume         = "C55",
      year           = "1992",
      pages          = "275-282",
      doi            = "10.1007/BF01482590",
      eprint         = "hep-ph/9901206",
      archivePrefix  = "arXiv",
      primaryClass   = "hep-ph",
      reportNumber   = "MZ-TH-91-32",
      SLACcitation   = "%%CITATION = HEP-PH/9901206;%%"
}
@article{CooperSarkar:1985nh,
      author         = "Cooper-Sarkar, Amanda M. and others",
      title          = "{Search for Heavy Neutrino Decays in the {BEBC} Beam Dump
                        Experiment}",
      collaboration  = "WA66",
      journal        = "Phys. Lett.",
      volume         = "160B",
      year           = "1985",
      pages          = "207-211",
      doi            = "10.1016/0370-2693(85)91493-5",
      reportNumber   = "CERN-EP-85-104",
      SLACcitation   = "%%CITATION = PHLTA,160B,207;%%"
}
@article{Kniehl:1996bd,
      author         = "Kniehl, Bernd A. and Pilaftsis, Apostolos",
      title          = "{Mixing renormalization in Majorana neutrino theories}",
      journal        = "Nucl. Phys.",
      volume         = "B474",
      year           = "1996",
      pages          = "286-308",
      doi            = "10.1016/0550-3213(96)00280-5",
      eprint         = "hep-ph/9601390",
      archivePrefix  = "arXiv",
      primaryClass   = "hep-ph",
      reportNumber   = "RAL-TR-96-002, MPI-PHT-96-005",
      SLACcitation   = "%%CITATION = HEP-PH/9601390;%%"
}

@article{Alam:1995mt,
      author         = "Alam, M. S. and others",
      title          = "{Tau decays into three charged leptons and two
                        neutrinos}",
      collaboration  = "CLEO",
      journal        = "Phys. Rev. Lett.",
      volume         = "76",
      year           = "1996",
      pages          = "2637-2641",
      doi            = "10.1103/PhysRevLett.76.2637",
      reportNumber   = "CLNS-95-1370, CLEO-95-19, SLAC-PUB-9947",
      SLACcitation   = "%%CITATION = PRLTA,76,2637;%%"
}
@article{Bertl:1985mw,
      author         = "Bertl, Wilhelm H. and others",
      title          = "{Search for the Decay $\mu^+ \to e^+ e^+ e^-$}",
      collaboration  = "SINDRUM",
      journal        = "Nucl. Phys.",
      volume         = "B260",
      year           = "1985",
      pages          = "1-31",
      doi            = "10.1016/0550-3213(85)90308-6",
      reportNumber   = "SIN-PR-85-06",
      SLACcitation   = "%%CITATION = NUPHA,B260,1;%%"
}
@article{CortinaGil:2017mqf,
      author         = "Cortina Gil, Eduardo and others",
      title          = "{Search for heavy neutral lepton production in $K^+$
                        decays}",
      collaboration  = "NA62",
      journal        = "Phys. Lett.",
      volume         = "B778",
      year           = "2018",
      pages          = "137-145",
      doi            = "10.1016/j.physletb.2018.01.031",
      eprint         = "1712.00297",
      archivePrefix  = "arXiv",
      primaryClass   = "hep-ex",
      reportNumber   = "CERN-EP-2017-311",
      SLACcitation   = "%%CITATION = ARXIV:1712.00297;%%"
}
@article{Langacker:2008yv,
      author         = "Langacker, Paul",
      title          = "{The Physics of Heavy $Z^\prime$ Gauge Bosons}",
      journal        = "Rev. Mod. Phys.",
      volume         = "81",
      year           = "2009",
      pages          = "1199-1228",
      doi            = "10.1103/RevModPhys.81.1199",
      eprint         = "0801.1345",
      archivePrefix  = "arXiv",
      primaryClass   = "hep-ph",
      SLACcitation   = "%%CITATION = ARXIV:0801.1345;%%"
}
@inproceedings{Rizzo:2006nw,
      author         = "Rizzo, Thomas G.",
      title          = "{$Z^\prime$ phenomenology and the LHC}",
      booktitle      = "{Proceedings of Theoretical Advanced Study Institute in
                        Elementary Particle Physics : Exploring New Frontiers
                        Using Colliders and Neutrinos (TASI 2006): Boulder,
                        Colorado, June 4-30, 2006}",
      url            = "http://www-public.slac.stanford.edu/sciDoc/docMeta.aspx?slacPubNumber=slac-pub-12129",
      year           = "2006",
      pages          = "537-575",
      eprint         = "hep-ph/0610104",
      archivePrefix  = "arXiv",
      primaryClass   = "hep-ph",
      reportNumber   = "SLAC-PUB-12129",
      SLACcitation   = "%%CITATION = HEP-PH/0610104;%%"
}
@article{Boehm:2003hm,
      author         = "Boehm, C. and Fayet, Pierre",
      title          = "{Scalar dark matter candidates}",
      journal        = "Nucl. Phys.",
      volume         = "B683",
      year           = "2004",
      pages          = "219-263",
      doi            = "10.1016/j.nuclphysb.2004.01.015",
      eprint         = "hep-ph/0305261",
      archivePrefix  = "arXiv",
      primaryClass   = "hep-ph",
      SLACcitation   = "%%CITATION = HEP-PH/0305261;%%"
}
@article{Boehm:2003ha,
      author         = "Boehm, C. and Fayet, Pierre and Silk, J.",
      title          = "{Light and heavy dark matter particles}",
      journal        = "Phys. Rev.",
      volume         = "D69",
      year           = "2004",
      pages          = "101302",
      doi            = "10.1103/PhysRevD.69.101302",
      eprint         = "hep-ph/0311143",
      archivePrefix  = "arXiv",
      primaryClass   = "hep-ph",
      SLACcitation   = "%%CITATION = HEP-PH/0311143;%%"
}



@article{Wyler:1982dd,
      author         = "Wyler, D. and Wolfenstein, L.",
      title          = "{Massless Neutrinos in Left-Right Symmetric Models}",
      journal        = "Nucl. Phys.",
      volume         = "B218",
      year           = "1983",
      pages          = "205-214",
      doi            = "10.1016/0550-3213(83)90482-0",
      reportNumber   = "CERN-TH-3435",
      SLACcitation   = "%%CITATION = NUPHA,B218,205;%%"
}

@article{Akhmedov:1995ip,
      author         = "Akhmedov, Evgeny K. and Lindner, Manfred and Schnapka,
                        Erhard and Valle, J. W. F.",
      title          = "{Left-right symmetry breaking in NJL approach}",
      journal        = "Phys. Lett.",
      volume         = "B368",
      year           = "1996",
      pages          = "270-280",
      doi            = "10.1016/0370-2693(95)01504-3",
      eprint         = "hep-ph/9507275",
      archivePrefix  = "arXiv",
      primaryClass   = "hep-ph",
      reportNumber   = "IC-95-125, TUM-HEP-221-95, MPI-PHT-95-35, FTUV-95-34,
                        IFIC-95-36",
      SLACcitation   = "%%CITATION = HEP-PH/9507275;%%"
}
@article{Akhmedov:1995vm,
      author         = "Akhmedov, Evgeny K. and Lindner, Manfred and Schnapka,
                        Erhard and Valle, J. W. F.",
      title          = "{Dynamical left-right symmetry breaking}",
      journal        = "Phys. Rev.",
      volume         = "D53",
      year           = "1996",
      pages          = "2752-2780",
      doi            = "10.1103/PhysRevD.53.2752",
      eprint         = "hep-ph/9509255",
      archivePrefix  = "arXiv",
      primaryClass   = "hep-ph",
      reportNumber   = "IC-95-126, TUM-HEP-222-95, MPI-PHT-95-70, FTUV-95-36,
                        IFIC-95-38",
      SLACcitation   = "%%CITATION = HEP-PH/9509255;%%"
}
@article{Hook:2010tw,
      author         = "Hook, Anson and Izaguirre, Eder and Wacker, Jay G.",
      title          = "{Model Independent Bounds on Kinetic Mixing}",
      journal        = "Adv. High Energy Phys.",
      volume         = "2011",
      year           = "2011",
      pages          = "859762",
      doi            = "10.1155/2011/859762",
      eprint         = "1006.0973",
      archivePrefix  = "arXiv",
      primaryClass   = "hep-ph",
      reportNumber   = "SLAC-PUB-14131",
      SLACcitation   = "%%CITATION = ARXIV:1006.0973;%%"
}
@article{Escudero:2019gzq,
      author         = "Escudero, Miguel and Hooper, Dan and Krnjaic, Gordan and
                        Pierre, Mathias",
      title          = "{Cosmology With a Very Light $L_\mu - L_\tau$ Gauge
                        Boson}",
      journal        = "JHEP",
      volume         = "03",
      year           = "2019",
      pages          = "071",
      doi            = "10.1007/JHEP03(2019)071",
      eprint         = "1901.02010",
      archivePrefix  = "arXiv",
      primaryClass   = "hep-ph",
      reportNumber   = "FERMILAB-PUB-19-001-A, LPT-Orsay-18-15, IFIC-19-02,
                        KCL-19-01,
  IFT-UAM/CSIC-19-7, KCL-19-01",
      SLACcitation   = "%%CITATION = ARXIV:1901.02010;%%"
}
@article{Escudero:2016ksa,
      author         = "Escudero, Miguel and Rius, Nuria and Sanz, Ver√≥nica",
      title          = "{Sterile Neutrino portal to Dark Matter II: Exact Dark
                        symmetry}",
      journal        = "Eur. Phys. J.",
      volume         = "C77",
      year           = "2017",
      number         = "6",
      pages          = "397",
      doi            = "10.1140/epjc/s10052-017-4963-x",
      eprint         = "1607.02373",
      archivePrefix  = "arXiv",
      primaryClass   = "hep-ph",
      SLACcitation   = "%%CITATION = ARXIV:1607.02373;%%"
}
@article{Sirunyan:2018owy,
      author         = "Sirunyan, Albert M and others",
      title          = "{Search for invisible decays of a Higgs boson produced
                        through vector boson fusion in proton-proton collisions at
                        $\sqrt{s} =$ 13 TeV}",
      collaboration  = "CMS",
      year           = "2018",
      eprint         = "1809.05937",
      archivePrefix  = "arXiv",
      primaryClass   = "hep-ex",
      reportNumber   = "CMS-HIG-17-023, CERN-EP-2018-139",
      SLACcitation   = "%%CITATION = ARXIV:1809.05937;%%"
}
@article{Lees:2014xha,
      author         = "Lees, J. P. and others",
      title          = "{Search for a Dark Photon in $e^+e^-$ Collisions at
                        BaBar}",
      collaboration  = "BaBar",
      journal        = "Phys. Rev. Lett.",
      volume         = "113",
      year           = "2014",
      number         = "20",
      pages          = "201801",
      doi            = "10.1103/PhysRevLett.113.201801",
      eprint         = "1406.2980",
      archivePrefix  = "arXiv",
      primaryClass   = "hep-ex",
      reportNumber   = "BABAR-PUB-14-002, SLAC-PUB-15979",
      SLACcitation   = "%%CITATION = ARXIV:1406.2980;%%"
}
@article{Lees:2017lec,
      author         = "Lees, J. P. and others",
      title          = "{Search for Invisible Decays of a Dark Photon Produced in
                        ${e}^{+}{e}^{-}$ Collisions at BaBar}",
      collaboration  = "BaBar",
      journal        = "Phys. Rev. Lett.",
      volume         = "119",
      year           = "2017",
      number         = "13",
      pages          = "131804",
      doi            = "10.1103/PhysRevLett.119.131804",
      eprint         = "1702.03327",
      archivePrefix  = "arXiv",
      primaryClass   = "hep-ex",
      reportNumber   = "BABAR-PUB-17-001, SLAC-PUB-16923",
      SLACcitation   = "%%CITATION = ARXIV:1702.03327;%%"
}
@article{Escudero:2016tzx,
      author         = "Escudero, Miguel and Rius, Nuria and Sanz, Ver√≥nica",
      title          = "{Sterile neutrino portal to Dark Matter I: The
                        $U(1)_{B-L}$ case}",
      journal        = "JHEP",
      volume         = "02",
      year           = "2017",
      pages          = "045",
      doi            = "10.1007/JHEP02(2017)045",
      eprint         = "1606.01258",
      archivePrefix  = "arXiv",
      primaryClass   = "hep-ph",
      reportNumber   = "FTUV-16-0419, IFIC-16-32",
      SLACcitation   = "%%CITATION = ARXIV:1606.01258;%%"
}
@article{Fayet:2007ua,
      author         = "Fayet, Pierre",
      title          = "{U-boson production in e+ e- annihilations, psi and
                        Upsilon decays, and Light Dark Matter}",
      journal        = "Phys. Rev.",
      volume         = "D75",
      year           = "2007",
      pages          = "115017",
      doi            = "10.1103/PhysRevD.75.115017",
      eprint         = "hep-ph/0702176",
      archivePrefix  = "arXiv",
      primaryClass   = "HEP-PH",
      reportNumber   = "LPTENS-07-07",
      SLACcitation   = "%%CITATION = HEP-PH/0702176;%%"
}
@article{Pospelov:2008zw,
      author         = "Pospelov, Maxim",
      title          = "{Secluded U(1) below the weak scale}",
      journal        = "Phys. Rev.",
      volume         = "D80",
      year           = "2009",
      pages          = "095002",
      doi            = "10.1103/PhysRevD.80.095002",
      eprint         = "0811.1030",
      archivePrefix  = "arXiv",
      primaryClass   = "hep-ph",
      SLACcitation   = "%%CITATION = ARXIV:0811.1030;%%"
}
@article{Song:2018zyl,
      author         = "Song, Ningqiang and Gonzalez-Garcia, M. C. and Salvado,
                        Jordi",
      title          = "{Cosmological constraints with self-interacting sterile
                        neutrinos}",
      journal        = "JCAP",
      volume         = "1810",
      year           = "2018",
      number         = "10",
      pages          = "055",
      doi            = "10.1088/1475-7516/2018/10/055",
      eprint         = "1805.08218",
      archivePrefix  = "arXiv",
      primaryClass   = "astro-ph.CO",
      reportNumber   = "YITP-SB-18-13",
      SLACcitation   = "%%CITATION = ARXIV:1805.08218;%%"
}
@article{Holdom:1985ag,
      author         = "Holdom, Bob",
      title          = "{Two U(1)'s and Epsilon Charge Shifts}",
      journal        = "Phys. Lett.",
      volume         = "166B",
      year           = "1986",
      pages          = "196-198",
      doi            = "10.1016/0370-2693(86)91377-8",
      reportNumber   = "UTPT-85-30",
      SLACcitation   = "%%CITATION = PHLTA,166B,196;%%"
}
@article{Nomura:2018ibs,
      author         = "Nomura, Takaaki and Okada, Hiroshi",
      title          = "{A Linear seesaw model with hidden gauge symmetry}",
      year           = "2018",
      eprint         = "1806.07182",
      archivePrefix  = "arXiv",
      primaryClass   = "hep-ph",
      reportNumber   = "KIAS-P18059",
      SLACcitation   = "%%CITATION = ARXIV:1806.07182;%%"
}
@article{Mangano:2006mp,
      author         = "Mangano, Gianpiero and Melchiorri, Alessandro and Serra,
                        Paolo and Cooray, Asantha and Kamionkowski, Marc",
      title          = "{Cosmological bounds on dark matter-neutrino
                        interactions}",
      journal        = "Phys. Rev.",
      volume         = "D74",
      year           = "2006",
      pages          = "043517",
      doi            = "10.1103/PhysRevD.74.043517",
      eprint         = "astro-ph/0606190",
      archivePrefix  = "arXiv",
      primaryClass   = "astro-ph",
      SLACcitation   = "%%CITATION = ASTRO-PH/0606190;%%"
}
@article{Wilkinson:2014ksa,
      author         = "Wilkinson, Ryan J. and Boehm, Celine and Lesgourgues,
                        Julien",
      title          = "{Constraining Dark Matter-Neutrino Interactions using the
                        CMB and Large-Scale Structure}",
      journal        = "JCAP",
      volume         = "1405",
      year           = "2014",
      pages          = "011",
      doi            = "10.1088/1475-7516/2014/05/011",
      eprint         = "1401.7597",
      archivePrefix  = "arXiv",
      primaryClass   = "astro-ph.CO",
      reportNumber   = "IPPP-14-03, DCPT-14-06, CERN-PH-TH-2014-013,
                        LAPTH-006-14",
      SLACcitation   = "%%CITATION = ARXIV:1401.7597;%%"
}
@article{Campo:2017nwh,
      author         = "Olivares-Del Campo, Andr√©s and B≈ìhm, C√©line and
                        Palomares-Ruiz, Sergio and Pascoli, Silvia",
      title          = "{Dark matter-neutrino interactions through the lens of
                        their cosmological implications}",
      journal        = "Phys. Rev.",
      volume         = "D97",
      year           = "2018",
      number         = "7",
      pages          = "075039",
      doi            = "10.1103/PhysRevD.97.075039",
      eprint         = "1711.05283",
      archivePrefix  = "arXiv",
      primaryClass   = "hep-ph",
      reportNumber   = "IFIC-17-54, IPPP-17-84",
      SLACcitation   = "%%CITATION = ARXIV:1711.05283;%%"
}
@article{Ma:2006km,
      author         = "Ma, Ernest",
      title          = "{Verifiable radiative seesaw mechanism of neutrino mass
                        and dark matter}",
      journal        = "Phys. Rev.",
      volume         = "D73",
      year           = "2006",
      pages          = "077301",
      doi            = "10.1103/PhysRevD.73.077301",
      eprint         = "hep-ph/0601225",
      archivePrefix  = "arXiv",
      primaryClass   = "hep-ph",
      reportNumber   = "UCRHEP-T403",
      SLACcitation   = "%%CITATION = HEP-PH/0601225;%%"
}
@article{Arhrib:2015dez,
      author         = "Arhrib, Abdesslam and B≈ìhm, C√©line and Ma, Ernest and
                        Yuan, Tzu-Chiang",
      title          = "{Radiative Model of Neutrino Mass with Neutrino
                        Interacting MeV Dark Matter}",
      journal        = "JCAP",
      volume         = "1604",
      year           = "2016",
      number         = "04",
      pages          = "049",
      doi            = "10.1088/1475-7516/2016/04/049",
      eprint         = "1512.08796",
      archivePrefix  = "arXiv",
      primaryClass   = "hep-ph",
      SLACcitation   = "%%CITATION = ARXIV:1512.08796;%%"
}
@article{Farzan:2010mr,
      author         = "Farzan, Yasaman and Pascoli, Silvia and Schmidt, Michael
                        A.",
      title          = "{AMEND: A model explaining neutrino masses and dark
                        matter testable at the LHC and MEG}",
      journal        = "JHEP",
      volume         = "10",
      year           = "2010",
      pages          = "111",
      doi            = "10.1007/JHEP10(2010)111",
      eprint         = "1005.5323",
      archivePrefix  = "arXiv",
      primaryClass   = "hep-ph",
      reportNumber   = "IPPP-10-10, DCPT-10-20",
      SLACcitation   = "%%CITATION = ARXIV:1005.5323;%%"
}
@article{Batell:2017cmf,
      author         = "Batell, Brian and Han, Tao and McKeen, David and Shams Es
                        Haghi, Barmak",
      title          = "{Thermal Dark Matter Through the Dirac Neutrino Portal}",
      journal        = "Phys. Rev.",
      volume         = "D97",
      year           = "2018",
      number         = "7",
      pages          = "075016",
      doi            = "10.1103/PhysRevD.97.075016",
      eprint         = "1709.07001",
      archivePrefix  = "arXiv",
      primaryClass   = "hep-ph",
      reportNumber   = "PITT-PACC-1710",
      SLACcitation   = "%%CITATION = ARXIV:1709.07001;%%"
}
@article{Brdar:2018sbk,
      author         = "Brdar, Vedran and Smirnov, Alexei Yu",
      title          = "{Low Scale Left-Right Symmetry and Naturally Small
                        Neutrino Mass}",
      journal        = "JHEP",
      volume         = "02",
      year           = "2019",
      pages          = "045",
      doi            = "10.1007/JHEP02(2019)045",
      eprint         = "1809.09115",
      archivePrefix  = "arXiv",
      primaryClass   = "hep-ph",
      SLACcitation   = "%%CITATION = ARXIV:1809.09115;%%"
}
@article{Feng:2010gw,
      author         = "Feng, Jonathan L.",
      title          = "{Dark Matter Candidates from Particle Physics and Methods
                        of Detection}",
      journal        = "Ann. Rev. Astron. Astrophys.",
      volume         = "48",
      year           = "2010",
      pages          = "495-545",
      doi            = "10.1146/annurev-astro-082708-101659",
      eprint         = "1003.0904",
      archivePrefix  = "arXiv",
      primaryClass   = "astro-ph.CO",
      reportNumber   = "UCI-TR-2009-13",
      SLACcitation   = "%%CITATION = ARXIV:1003.0904;%%"
}
@article{Bertone:2004pz,
      author         = "Bertone, Gianfranco and Hooper, Dan and Silk, Joseph",
      title          = "{Particle dark matter: Evidence, candidates and
                        constraints}",
      journal        = "Phys. Rept.",
      volume         = "405",
      year           = "2005",
      pages          = "279-390",
      doi            = "10.1016/j.physrep.2004.08.031",
      eprint         = "hep-ph/0404175",
      archivePrefix  = "arXiv",
      primaryClass   = "hep-ph",
      reportNumber   = "FERMILAB-PUB-04-047-A",
      SLACcitation   = "%%CITATION = HEP-PH/0404175;%%"
}
@article{Bergstrom:2000pn,
      author         = "Bergstr√∂m, Lars",
      title          = "{Nonbaryonic dark matter: Observational evidence and
                        detection methods}",
      journal        = "Rept. Prog. Phys.",
      volume         = "63",
      year           = "2000",
      pages          = "793",
      doi            = "10.1088/0034-4885/63/5/2r3",
      eprint         = "hep-ph/0002126",
      archivePrefix  = "arXiv",
      primaryClass   = "hep-ph",
      SLACcitation   = "%%CITATION = HEP-PH/0002126;%%"
}
@article{Jungman:1995df,
      author         = "Jungman, Gerard and Kamionkowski, Marc and Griest, Kim",
      title          = "{Supersymmetric dark matter}",
      journal        = "Phys. Rept.",
      volume         = "267",
      year           = "1996",
      pages          = "195-373",
      doi            = "10.1016/0370-1573(95)00058-5",
      eprint         = "hep-ph/9506380",
      archivePrefix  = "arXiv",
      primaryClass   = "hep-ph",
      reportNumber   = "SU-4240-605, UCSD-PTH-95-02, IASSNS-HEP-95-14, CU-TP-677",
      SLACcitation   = "%%CITATION = HEP-PH/9506380;%%"
}
@article{Batell:2016zod,
      author         = "Batell, Brian and Pospelov, Maxim and Shuve, Brian",
      title          = "{Shedding Light on Neutrino Masses with Dark Forces}",
      journal        = "JHEP",
      volume         = "08",
      year           = "2016",
      pages          = "052",
      doi            = "10.1007/JHEP08(2016)052",
      eprint         = "1604.06099",
      archivePrefix  = "arXiv",
      primaryClass   = "hep-ph",
      SLACcitation   = "%%CITATION = ARXIV:1604.06099;%%"
}
@article{Ruchayskiy:2011aa,
      author         = "Ruchayskiy, Oleg and Ivashko, Artem",
      title          = "{Experimental bounds on sterile neutrino mixing angles}",
      journal        = "JHEP",
      volume         = "06",
      year           = "2012",
      pages          = "100",
      doi            = "10.1007/JHEP06(2012)100",
      eprint         = "1112.3319",
      archivePrefix  = "arXiv",
      primaryClass   = "hep-ph",
      reportNumber   = "CERN-PH-TH-2011-312",
      SLACcitation   = "%%CITATION = ARXIV:1112.3319;%%"
}

@article{Drewes:2015iva,
      author         = "Drewes, Marco and Garbrecht, Bj√∂rn",
      title          = "{Combining experimental and cosmological constraints on
                        heavy neutrinos}",
      journal        = "Nucl. Phys.",
      volume         = "B921",
      year           = "2017",
      pages          = "250-315",
      doi            = "10.1016/j.nuclphysb.2017.05.001",
      eprint         = "1502.00477",
      archivePrefix  = "arXiv",
      primaryClass   = "hep-ph",
      reportNumber   = "TUM-HEP-979-15",
      SLACcitation   = "%%CITATION = ARXIV:1502.00477;%%"
}

@article{Ma:2005iv,
      author         = "Ma, H. and others",
      title          = "{First observation of the decay K+ ---> e+ nu(e) mu+
                        mu-}",
      journal        = "Phys. Rev.",
      volume         = "D73",
      year           = "2006",
      pages          = "037101",
      doi            = "10.1103/PhysRevD.73.037101",
      eprint         = "hep-ex/0505011",
      archivePrefix  = "arXiv",
      primaryClass   = "hep-ex",
      SLACcitation   = "%%CITATION = HEP-EX/0505011;%%"
}
@article{Poblaguev:2002ug,
      author         = "Poblaguev, A. A. and others",
      title          = "{Experimental study of the radiative decays K+ ---> mu+
                        nu e+ e- and K+ ---> e+ nu e+ e-}",
      journal        = "Phys. Rev. Lett.",
      volume         = "89",
      year           = "2002",
      pages          = "061803",
      doi            = "10.1103/PhysRevLett.89.061803",
      eprint         = "hep-ex/0204006",
      archivePrefix  = "arXiv",
      primaryClass   = "hep-ex",
      SLACcitation   = "%%CITATION = HEP-EX/0204006;%%"
}
@article{Peruzzo:2017qis,
      author         = "Peruzzo, Letizia",
      title          = "{Model independent measurement of the leptonic kaon decay
                        $K^\pm \to \mu^\pm \nu_\mu e^+ e^-$}",
      collaboration  = "NA48/2",
      journal        = "J. Phys. Conf. Ser.",
      volume         = "873",
      year           = "2017",
      number         = "1",
      pages          = "012020",
      doi            = "10.1088/1742-6596/873/1/012020",
      SLACcitation   = "%%CITATION = 00462,873,012020;%%"
}
@article{Lopez-Pavon:2015cga,
      author         = "Lopez-Pavon, J. and Molinaro, E. and Petcov, S. T.",
      title          = "{Radiative Corrections to Light Neutrino Masses in Low
                        Scale Type I Seesaw Scenarios and Neutrinoless Double Beta
                        Decay}",
      journal        = "JHEP",
      volume         = "11",
      year           = "2015",
      pages          = "030",
      doi            = "10.1007/JHEP11(2015)030",
      eprint         = "1506.05296",
      archivePrefix  = "arXiv",
      primaryClass   = "hep-ph",
      SLACcitation   = "%%CITATION = ARXIV:1506.05296;%%"
}
@article{Ballett:2019cqp,
      author         = "Ballett, Peter and Hostert, Matheus and Pascoli, Silvia",
      title          = "{Neutrino Masses from a Dark Neutrino Sector below the
                        Electroweak Scale}",
      year           = "2019",
      eprint         = "1903.07590",
      archivePrefix  = "arXiv",
      primaryClass   = "hep-ph",
      reportNumber   = "IPPP/19/21",
      SLACcitation   = "%%CITATION = ARXIV:1903.07590;%%"
}
@article{Egli:1986nk,
      author         = "Egli, S. and others",
      title          = "{First Observation of the Decay $\pi^+ \to e^+$ Neutrino
                        $e^+ e^-$ and a Determination of the Form-factors F($V$),
                        F(a), R}",
      collaboration  = "SINDRUM",
      journal        = "Phys. Lett.",
      volume         = "B175",
      year           = "1986",
      pages          = "97",
      doi            = "10.1016/0370-2693(86)90338-2",
      reportNumber   = "SIN-PR-86-08",
      SLACcitation   = "%%CITATION = PHLTA,B175,97;%%"
}
@inproceedings{Grab:1986si,
      author         = "Grab, C.",
      title          = "{FIRST OBSERVATION OF THE DECAY $\pi^+ \to e^+ e^- e^+$
                        neutrino AND A DETERMINATION OF THE FORM-FACTORS F(V),
                        F(A) AND R}",
      booktitle      = "{Proceedings, 23RD International Conference on High
                        Energy Physics, JULY 16-23, 1986, Berkeley, CA}",
      collaboration  = "SINDRUM",
      year           = "1986",
      reportNumber   = "SLAC-PUB-4080",
      SLACcitation   = "%%CITATION = SLAC-PUB-4080;%%"
}
@article{Mejia-Guisao:2017nzx,
      author         = "Mejia-Guisao, Jhovanny and Milanes, Diego and Quintero,
                        Nestor and Ruiz-Alvarez, Jose D.",
      title          = "{Exploring GeV-scale Majorana neutrinos in
                        lepton-number-violating $\Lambda_b^0$ baryon decays}",
      journal        = "Phys. Rev.",
      volume         = "D96",
      year           = "2017",
      number         = "1",
      pages          = "015039",
      doi            = "10.1103/PhysRevD.96.015039",
      eprint         = "1705.10606",
      archivePrefix  = "arXiv",
      primaryClass   = "hep-ph",
      SLACcitation   = "%%CITATION = ARXIV:1705.10606;%%"
}
@article{Abada:2017jjx,
      author         = "Abada, Asmaa and De Romeri, Valentina and Lucente,
                        Michele and Teixeira, Ana M. and Toma, Takashi",
      title          = "{Effective Majorana mass matrix from tau and pseudoscalar
                        meson lepton number violating decays}",
      journal        = "JHEP",
      volume         = "02",
      year           = "2018",
      pages          = "169",
      doi            = "10.1007/JHEP02(2018)169",
      eprint         = "1712.03984",
      archivePrefix  = "arXiv",
      primaryClass   = "hep-ph",
      reportNumber   = "LPT-Orsay-17-76, TUM-HEP-1115-17, CP3-17-52",
      SLACcitation   = "%%CITATION = ARXIV:1712.03984;%%"
}
@article{CERNNA48/2:2016tdo,
      author         = "Batley, J. R. and others",
      title          = "{Searches for lepton number violation and resonances in
                        $K^{\pm}\to\pi\mu\mu$ decays}",
      collaboration  = "NA48/2",
      journal        = "Phys. Lett.",
      volume         = "B769",
      year           = "2017",
      pages          = "67-76",
      doi            = "10.1016/j.physletb.2017.03.029",
      eprint         = "1612.04723",
      archivePrefix  = "arXiv",
      primaryClass   = "hep-ex",
      reportNumber   = "CERN-EP-2016-310",
      SLACcitation   = "%%CITATION = ARXIV:1612.04723;%%"
}
@article{Geiregat:1990gz,
      author         = "Geiregat, D. and others",
      title          = "{First observation of neutrino trident production}",
      collaboration  = "CHARM-II",
      journal        = "Phys. Lett.",
      volume         = "B245",
      year           = "1990",
      pages          = "271-275",
      doi            = "10.1016/0370-2693(90)90146-W",
      reportNumber   = "CERN-EP-90-75",
      SLACcitation   = "%%CITATION = PHLTA,B245,271;%%"
}
@inproceedings{Adams:1998yf,
      author         = "Adams, T. and others",
      title          = "{Neutrino trident production from NuTeV}",
      booktitle      = "{High-energy physics. Proceedings, 29th International
                        Conference, ICHEP'98, Vancouver, Canada, July 23-29, 1998.
                        Vol. 1, 2}",
      collaboration  = "NuTeV",
      year           = "1998",
      pages          = "631-634",
      eprint         = "hep-ex/9811012",
      archivePrefix  = "arXiv",
      primaryClass   = "hep-ex",
      SLACcitation   = "%%CITATION = HEP-EX/9811012;%%"
}
@article{Mishra:1991bv,
      author         = "Mishra, S. R. and others",
      title          = "{Neutrino tridents and W Z interference}",
      collaboration  = "CCFR",
      journal        = "Phys. Rev. Lett.",
      volume         = "66",
      year           = "1991",
      pages          = "3117-3120",
      doi            = "10.1103/PhysRevLett.66.3117",
      reportNumber   = "NEVIS-1437",
      SLACcitation   = "%%CITATION = PRLTA,66,3117;%%"
}
@article{Ballett:2018uuc,
      author         = "Ballett, Peter and Hostert, Matheus and Pascoli, Silvia
                        and Perez-Gonzalez, Yuber F. and Tabrizi, Zahra and
                        Zukanovich Funchal, Renata",
      title          = "{Neutrino Trident Scattering at Near Detectors}",
      year           = "2018",
      eprint         = "1807.10973",
      archivePrefix  = "arXiv",
      primaryClass   = "hep-ph",
      reportNumber   = "IPPP/18/64",
      SLACcitation   = "%%CITATION = ARXIV:1807.10973;%%"
}

@article{Atre:2009rg,
      author         = "Atre, Anupama and Han, Tao and Pascoli, Silvia and Zhang,
                        Bin",
      title          = "{The Search for Heavy Majorana Neutrinos}",
      journal        = "JHEP",
      volume         = "05",
      year           = "2009",
      pages          = "030",
      doi            = "10.1088/1126-6708/2009/05/030",
      eprint         = "0901.3589",
      archivePrefix  = "arXiv",
      primaryClass   = "hep-ph",
      reportNumber   = "FERMILAB-PUB-08-086-T, NSF-KITP-08-54, MADPH-06-1466,
                        DCPT-07-198, IPPP-07-99",
      SLACcitation   = "%%CITATION = ARXIV:0901.3589;%%"
}
@article{Bergsma:1985is,
      author         = "Bergsma, F. and others",
      title          = "{A Search for Decays of Heavy Neutrinos in the Mass Range
                        0.5-{GeV} to 2.8-{GeV}}",
      collaboration  = "CHARM",
      journal        = "Phys. Lett.",
      volume         = "166B",
      year           = "1986",
      pages          = "473-478",
      doi            = "10.1016/0370-2693(86)91601-1",
      reportNumber   = "CERN-EP-85-190",
      SLACcitation   = "%%CITATION = PHLTA,166B,473;%%"
}
@article{Athanassopoulos:1997er,
      author         = "Athanassopoulos, C. and others",
      title          = "{Evidence for muon-neutrino ---> electron-neutrino
                        oscillations from pion decay in flight neutrinos}",
      collaboration  = "LSND",
      journal        = "Phys. Rev.",
      volume         = "C58",
      year           = "1998",
      pages          = "2489-2511",
      doi            = "10.1103/PhysRevC.58.2489",
      eprint         = "nucl-ex/9706006",
      archivePrefix  = "arXiv",
      primaryClass   = "nucl-ex",
      reportNumber   = "UCRHEP-E-191, LA-UR-97-1998",
      SLACcitation   = "%%CITATION = NUCL-EX/9706006;%%"
}
@article{Davier:1989wz,
      author         = "Davier, M. and Nguyen Ngoc, H.",
      title          = "{An Unambiguous Search for a Light Higgs Boson}",
      journal        = "Phys. Lett.",
      volume         = "B229",
      year           = "1989",
      pages          = "150-155",
      doi            = "10.1016/0370-2693(89)90174-3",
      reportNumber   = "LAL 89-24",
      SLACcitation   = "%%CITATION = PHLTA,B229,150;%%"
}
@article{Bross:1989mp,
      author         = "Bross, A. and Crisler, M. and Pordes, Stephen H. and
                        Volk, J. and Errede, S. and Wrbanek, J.",
      title          = "{A Search for Shortlived Particles Produced in an
                        Electron Beam Dump}",
      journal        = "Phys. Rev. Lett.",
      volume         = "67",
      year           = "1991",
      pages          = "2942-2945",
      doi            = "10.1103/PhysRevLett.67.2942",
      reportNumber   = "FERMILAB-PUB-89-138-E",
      SLACcitation   = "%%CITATION = PRLTA,67,2942;%%"
}
@article{Riordan:1987aw,
      author         = "Riordan, E. M. and others",
      title          = "{A Search for Short Lived Axions in an Electron Beam Dump
                        Experiment}",
      journal        = "Phys. Rev. Lett.",
      volume         = "59",
      year           = "1987",
      pages          = "755",
      doi            = "10.1103/PhysRevLett.59.755",
      reportNumber   = "SLAC-PUB-4280, UR-993, FERMILAB-PUB-87-251",
      SLACcitation   = "%%CITATION = PRLTA,59,755;%%"
}
@article{Bjorken:1988as,
      author         = "Bjorken, J. D. and Ecklund, S. and Nelson, W. R. and
                        Abashian, A. and Church, C. and Lu, B. and Mo, L. W. and
                        Nunamaker, T. A. and Rassmann, P.",
      title          = "{Search for Neutral Metastable Penetrating Particles
                        Produced in the SLAC Beam Dump}",
      journal        = "Phys. Rev.",
      volume         = "D38",
      year           = "1988",
      pages          = "3375",
      doi            = "10.1103/PhysRevD.38.3375",
      reportNumber   = "FERMILAB-PUB-88-044, PRINT-88-0352 (FERMILAB)",
      SLACcitation   = "%%CITATION = PHRVA,D38,3375;%%"
}
@article{Bauer:2018onh,
      author         = "Bauer, Martin and Foldenauer, Patrick and Jaeckel, Joerg",
      title          = "{Hunting All the Hidden Photons}",
      journal        = "JHEP",
      volume         = "07",
      year           = "2018",
      pages          = "094",
      doi            = "10.1007/JHEP07(2018)094",
      eprint         = "1803.05466",
      archivePrefix  = "arXiv",
      primaryClass   = "hep-ph",
      SLACcitation   = "%%CITATION = ARXIV:1803.05466;%%"
}

@article{Akrawy:1990zq,
      author         = "Akrawy, M. Z. and others",
      title          = "{Limits on neutral heavy lepton production from Z0
                        decay}",
      collaboration  = "OPAL",
      journal        = "Phys. Lett.",
      volume         = "B247",
      year           = "1990",
      pages          = "448-457",
      doi            = "10.1016/0370-2693(90)90924-U",
      reportNumber   = "CERN-EP-90-72",
      SLACcitation   = "%%CITATION = PHLTA,B247,448;%%"
}

@article{Abreu:1996pa,
      author         = "Abreu, P. and others",
      title          = "{Search for neutral heavy leptons produced in Z decays}",
      collaboration  = "DELPHI",
      journal        = "Z. Phys.",
      volume         = "C74",
      year           = "1997",
      pages          = "57-71",
      doi            = "10.1007/s002880050370",
      note           = "[Erratum: Z. Phys.C75,580(1997)]",
      reportNumber   = "CERN-PPE-96-195",
      SLACcitation   = "%%CITATION = ZEPYA,C74,57;%%"
}

@article{Astier:2001ck,
      author         = "Astier, P. and others",
      title          = "{Search for heavy neutrinos mixing with tau neutrinos}",
      collaboration  = "NOMAD",
      journal        = "Phys. Lett.",
      volume         = "B506",
      year           = "2001",
      pages          = "27-38",
      doi            = "10.1016/S0370-2693(01)00362-8",
      eprint         = "hep-ex/0101041",
      archivePrefix  = "arXiv",
      primaryClass   = "hep-ex",
      reportNumber   = "CERN-EP-2001-005",
      SLACcitation   = "%%CITATION = HEP-EX/0101041;%%"
}
@article{Bernardi:1985ny,
      author         = "Bernardi, G. and others",
      title          = "{Search for Neutrino Decay}",
      journal        = "Phys. Lett.",
      volume         = "166B",
      year           = "1986",
      pages          = "479-483",
      doi            = "10.1016/0370-2693(86)91602-3",
      reportNumber   = "CERN-EP/85-177",
      SLACcitation   = "%%CITATION = PHLTA,166B,479;%%"
}

@article{Vaitaitis:1999wq,
      author         = "Vaitaitis, A. and others",
      title          = "{Search for neutral heavy leptons in a high-energy
                        neutrino beam}",
      collaboration  = "NuTeV, E815",
      journal        = "Phys. Rev. Lett.",
      volume         = "83",
      year           = "1999",
      pages          = "4943-4946",
      doi            = "10.1103/PhysRevLett.83.4943",
      eprint         = "hep-ex/9908011",
      archivePrefix  = "arXiv",
      primaryClass   = "hep-ex",
      reportNumber   = "FERMILAB-PUB-99-223-E",
      SLACcitation   = "%%CITATION = HEP-EX/9908011;%%"
}
@article{Badier:1986xz,
      author         = "Badier, J. and others",
      title          = "{Mass and Lifetime Limits on New Longlived Particles in
                        300-{GeV}/$c \pi^-$ Interactions}",
      collaboration  = "NA3",
      journal        = "Z. Phys.",
      volume         = "C31",
      year           = "1986",
      pages          = "21",
      doi            = "10.1007/BF01559588",
      reportNumber   = "CERN-EP-86-22",
      SLACcitation   = "%%CITATION = ZEPYA,C31,21;%%"
}

@article{Bergsma:1983rt,
      author         = "Bergsma, F. and others",
      title          = "{A Search for Decays of Heavy Neutrinos}",
      booktitle      = "{11th International Symposium on Lepton and Photon
                        Interactions at High Energies Ithaca, New York, August
                        4-9, 1983}",
      collaboration  = "CHARM",
      journal        = "Phys. Lett.",
      volume         = "128B",
      year           = "1983",
      pages          = "361",
      doi            = "10.1016/0370-2693(83)90275-7",
      note           = "[,207(1984)]",
      reportNumber   = "CERN-EP-83-63",
      SLACcitation   = "%%CITATION = PHLTA,128B,361;%%"
}

@article{Formaggio:2013kya,
      author         = "Formaggio, J. A. and Zeller, G. P.",
      title          = "{From eV to EeV: Neutrino Cross Sections Across Energy
                        Scales}",
      journal        = "Rev. Mod. Phys.",
      volume         = "84",
      year           = "2012",
      pages          = "1307-1341",
      doi            = "10.1103/RevModPhys.84.1307",
      eprint         = "1305.7513",
      archivePrefix  = "arXiv",
      primaryClass   = "hep-ex",
      reportNumber   = "FERMILAB-PUB-12-785-E",
      SLACcitation   = "%%CITATION = ARXIV:1305.7513;%%"
}

@article{AguilarArevalo:2010cx,
      author         = "Aguilar-Arevalo, A. A. and others",
      title          = "{Measurement of the Neutrino Neutral-Current Elastic
                        Differential Cross Section on Mineral Oil at $E_\nu \sim
                        1$ GeV}",
      collaboration  = "MiniBooNE",
      journal        = "Phys. Rev.",
      volume         = "D82",
      year           = "2010",
      pages          = "092005",
      doi            = "10.1103/PhysRevD.82.092005",
      eprint         = "1007.4730",
      archivePrefix  = "arXiv",
      primaryClass   = "hep-ex",
      reportNumber   = "FERMILAB-PUB-10-250-E",
      SLACcitation   = "%%CITATION = ARXIV:1007.4730;%%"
}

@article{Arrington:2006zm,
      author         = "Arrington, J. and Roberts, C. D. and Zanotti, J. M.",
      title          = "{Nucleon electromagnetic form-factors}",
      journal        = "J. Phys.",
      volume         = "G34",
      year           = "2007",
      pages          = "S23-S52",
      doi            = "10.1088/0954-3899/34/7/S03",
      eprint         = "nucl-th/0611050",
      archivePrefix  = "arXiv",
      primaryClass   = "nucl-th",
      reportNumber   = "ANL-PHY-11657-TH-2006",
      SLACcitation   = "%%CITATION = NUCL-TH/0611050;%%"
}

@inproceedings{Sinitsyna:2009dn,
      author         = "Sinitsyna, V. G. and Masip, M. and Nikolsky, S. I. and
                        Sinitsyna, V. Y.",
      title          = "{Heavy neutrino decay at SHALON}",
      booktitle      = "{Proceedings,  	 32nd International Cosmic Ray Conference
                        (ICRC 2011): Beijing, China, August 11-18, 2011}",
      url            = "https://inspirehep.net/record/816386/files/arXiv:0903.4654.pdf",
      volume         = "4",
      year           = "2009",
      pages          = "128-135",
      doi            = "10.7529/ICRC2011/V04/0170",
      eprint         = "0903.4654",
      archivePrefix  = "arXiv",
      primaryClass   = "hep-ph",
      reportNumber   = "UG-FT-246-09, CAFPE-116-09",
      SLACcitation   = "%%CITATION = ARXIV:0903.4654;%%"
}

@article{Dib:2011hc,
      author         = "Dib, Claudio and Helo, Juan Carlos and Hirsch, Martin and
                        Kovalenko, Sergey and Schmidt, Ivan",
      title          = "{Heavy Sterile Neutrinos in Tau Decays and the MiniBooNE
                        Anomaly}",
      journal        = "Phys. Rev.",
      volume         = "D85",
      year           = "2012",
      pages          = "011301",
      doi            = "10.1103/PhysRevD.85.011301",
      eprint         = "1110.5400",
      archivePrefix  = "arXiv",
      primaryClass   = "hep-ph",
      SLACcitation   = "%%CITATION = ARXIV:1110.5400;%%"
}

@article{Dib:2011jh,
      author         = "Dib, Claudio and Helo, Juan Carlos and Kovalenko, Sergey
                        and Schmidt, Ivan",
      title          = "{Sterile neutrino decay explanation of LSND and MiniBooNE
                        anomalies}",
      journal        = "Phys. Rev.",
      volume         = "D84",
      year           = "2011",
      pages          = "071301",
      doi            = "10.1103/PhysRevD.84.071301",
      eprint         = "1105.4664",
      archivePrefix  = "arXiv",
      primaryClass   = "hep-ph",
      SLACcitation   = "%%CITATION = ARXIV:1105.4664;%%"
}

@article{Gninenko:2011hb,
      author         = "Gninenko, S. N.",
      title          = "{Sterile neutrino decay as a common origin for
                        LSND/MiniBooNe and T2K excess events}",
      journal        = "Phys. Rev.",
      volume         = "D85",
      year           = "2012",
      pages          = "051702",
      doi            = "10.1103/PhysRevD.85.051702",
      eprint         = "1107.0279",
      archivePrefix  = "arXiv",
      primaryClass   = "hep-ph",
      SLACcitation   = "%%CITATION = ARXIV:1107.0279;%%"
}

@article{Wang:2014nat,
      author         = "Wang, E. and Alvarez-Ruso, L. and Nieves, J.",
      title          = "{Single photon events from neutral current interactions
                        at MiniBooNE}",
      journal        = "Phys. Lett.",
      volume         = "B740",
      year           = "2015",
      pages          = "16-22",
      doi            = "10.1016/j.physletb.2014.11.025",
      eprint         = "1407.6060",
      archivePrefix  = "arXiv",
      primaryClass   = "hep-ph",
      SLACcitation   = "%%CITATION = ARXIV:1407.6060;%%"
}
@article{LopezPavon:2012zg,
      author         = "Lopez-Pavon, J. and Pascoli, S. and Wong, Chan-fai",
      title          = "{Can heavy neutrinos dominate neutrinoless double beta
                        decay?}",
      journal        = "Phys. Rev.",
      volume         = "D87",
      year           = "2013",
      number         = "9",
      pages          = "093007",
      doi            = "10.1103/PhysRevD.87.093007",
      eprint         = "1209.5342",
      archivePrefix  = "arXiv",
      primaryClass   = "hep-ph",
      reportNumber   = "IPPP-12-68, DCPT-12-136",
      SLACcitation   = "%%CITATION = ARXIV:1209.5342;%%"
}
@article{Wang:2015ivq,
      author         = "Wang, E. and Alvarez-Ruso, L. and Hayato, Y. and Mahn, K.
                        and Nieves, J.",
      title          = "{Photon emission in neutral current interactions at the
                        T2K experiment}",
      journal        = "Phys. Rev.",
      volume         = "D92",
      year           = "2015",
      number         = "5",
      pages          = "053005",
      doi            = "10.1103/PhysRevD.92.053005",
      eprint         = "1507.02446",
      archivePrefix  = "arXiv",
      primaryClass   = "hep-ph",
      SLACcitation   = "%%CITATION = ARXIV:1507.02446;%%"
}

@article{Duarte:2015iba,
      author         = "Duarte, Lucia and Peressutti, Javier and Sampayo, Oscar
                        A.",
      title          = "{Majorana neutrino decay in an Effective Approach}",
      journal        = "Phys. Rev.",
      volume         = "D92",
      year           = "2015",
      number         = "9",
      pages          = "093002",
      doi            = "10.1103/PhysRevD.92.093002",
      eprint         = "1508.01588",
      archivePrefix  = "arXiv",
      primaryClass   = "hep-ph",
      SLACcitation   = "%%CITATION = ARXIV:1508.01588;%%"
}

@article{Duarte:2016miz,
      author         = "Duarte, Luc√≠a and Romero, Ismael and Peressutti, Javier
                        and Sampayo, Oscar A.",
      title          = "{Effective Majorana neutrino decay}",
      journal        = "Eur. Phys. J.",
      volume         = "C76",
      year           = "2016",
      number         = "8",
      pages          = "453",
      doi            = "10.1140/epjc/s10052-016-4301-8",
      eprint         = "1603.08052",
      archivePrefix  = "arXiv",
      primaryClass   = "hep-ph",
      SLACcitation   = "%%CITATION = ARXIV:1603.08052;%%"
}

@article{Albertus:2015xra,
      author         = "Albertus, C. and Masip, M. and P√©rez-Garc√≠a, M. A.",
      title          = "{Production of unstable heavy neutrinos in proto-neutron
                        stars}",
      journal        = "Phys. Lett.",
      volume         = "B751",
      year           = "2015",
      pages          = "209-214",
      doi            = "10.1016/j.physletb.2015.10.026",
      eprint         = "1509.03306",
      archivePrefix  = "arXiv",
      primaryClass   = "astro-ph.HE",
      SLACcitation   = "%%CITATION = ARXIV:1509.03306;%%"
}

@article{McKeen:2010rx,
      author         = "McKeen, David and Pospelov, Maxim",
      title          = "{Muon Capture Constraints on Sterile Neutrino
                        Properties}",
      journal        = "Phys. Rev.",
      volume         = "D82",
      year           = "2010",
      pages          = "113018",
      doi            = "10.1103/PhysRevD.82.113018",
      eprint         = "1011.3046",
      archivePrefix  = "arXiv",
      primaryClass   = "hep-ph",
      SLACcitation   = "%%CITATION = ARXIV:1011.3046;%%"
}

@article{Gninenko:2010nv,
      author         = "Gninenko, S. N.",
      title          = "{Comments on arXiv:1011.3046 'Muon Capture Constraints on
                        Sterile Neutrino Properties'}",
      year           = "2010",
      eprint         = "1011.5560",
      archivePrefix  = "arXiv",
      primaryClass   = "hep-ph",
      SLACcitation   = "%%CITATION = ARXIV:1011.5560;%%"
}

@article{Karagiorgi:2009nb,
      author         = "Karagiorgi, G. and Djurcic, Z. and Conrad, J. M. and
                        Shaevitz, M. H. and Sorel, M.",
      title          = "{Viability of Delta m**2 ~ 1- eV**2 sterile neutrino
                        mixing models in light of MiniBooNE electron neutrino and
                        antineutrino data from the Booster and NuMI beamlines}",
      journal        = "Phys. Rev.",
      volume         = "D80",
      year           = "2009",
      pages          = "073001",
      doi            = "10.1103/PhysRevD.81.039902, 10.1103/PhysRevD.80.073001",
      note           = "[Erratum: Phys. Rev.D81,039902(2010)]",
      eprint         = "0906.1997",
      archivePrefix  = "arXiv",
      primaryClass   = "hep-ph",
      SLACcitation   = "%%CITATION = ARXIV:0906.1997;%%"
}

@article{Duk:2011yv,
      author         = "Duk, V. A. and others",
      title          = "{Search for Heavy Neutrino in $K^- -> \mu^- \nu_h(\nu_h
                        -> \nu \gamma)$ Decay at ISTRA+ Setup}",
      collaboration  = "ISTRA+",
      journal        = "Phys. Lett.",
      volume         = "B710",
      year           = "2012",
      pages          = "307-317",
      doi            = "10.1016/j.physletb.2012.02.087",
      eprint         = "1110.1610",
      archivePrefix  = "arXiv",
      primaryClass   = "hep-ex",
      SLACcitation   = "%%CITATION = ARXIV:1110.1610;%%"
}
@article{Diaz:2017edh,
      author         = "Diaz, Carlos E. and Mantilla, S. F. and Martinez, R.",
      title          = "{Radiative neutrino masses with forbidden seesaw
                        mechanism in an abelian extension of the Standard Model}",
      year           = "2017",
      eprint         = "1712.05433",
      archivePrefix  = "arXiv",
      primaryClass   = "hep-ph",
      SLACcitation   = "%%CITATION = ARXIV:1712.05433;%%"
}
@article{Gninenko:2012rw,
      author         = "Gninenko, S. N.",
      title          = "{New limits on radiative sterile neutrino decays from a
                        search for single photons in neutrino interactions}",
      journal        = "Phys. Lett.",
      volume         = "B710",
      year           = "2012",
      pages          = "86-90",
      doi            = "10.1016/j.physletb.2012.02.071",
      eprint         = "1201.5194",
      archivePrefix  = "arXiv",
      primaryClass   = "hep-ph",
      SLACcitation   = "%%CITATION = ARXIV:1201.5194;%%"
}

@article{Gninenko:2009yf,
      author         = "Gninenko, S. N. and Gorbunov, D. S.",
      title          = "{The MiniBooNE anomaly, the decay $D^{+}_{s} \to
                        \mu^{+}\nu_{\mu}$ and heavy sterile neutrino}",
      journal        = "Phys. Rev.",
      volume         = "D81",
      year           = "2010",
      pages          = "075013",
      doi            = "10.1103/PhysRevD.81.075013",
      eprint         = "0907.4666",
      archivePrefix  = "arXiv",
      primaryClass   = "hep-ph",
      SLACcitation   = "%%CITATION = ARXIV:0907.4666;%%"
}

@article{Farzan:2015doa,
      author         = "Farzan, Yasaman",
      title          = "{A model for large non-standard interactions of neutrinos
                        leading to the LMA-Dark solution}",
      journal        = "Phys. Lett.",
      volume         = "B748",
      year           = "2015",
      pages          = "311-315",
      doi            = "10.1016/j.physletb.2015.07.015",
      eprint         = "1505.06906",
      archivePrefix  = "arXiv",
      primaryClass   = "hep-ph",
      SLACcitation   = "%%CITATION = ARXIV:1505.06906;%%"
}

@article{Fox:2011qd,
      author         = "Fox, Patrick J. and Liu, Jia and Tucker-Smith, David and
                        Weiner, Neal",
      title          = "{An Effective Z'}",
      journal        = "Phys. Rev.",
      volume         = "D84",
      year           = "2011",
      pages          = "115006",
      doi            = "10.1103/PhysRevD.84.115006",
      eprint         = "1104.4127",
      archivePrefix  = "arXiv",
      primaryClass   = "hep-ph",
      reportNumber   = "FERMILAB-PUB-11-179-T",
      SLACcitation   = "%%CITATION = ARXIV:1104.4127;%%"
}

@article{Farzan:2016wym,
      author         = "Farzan, Yasaman and Heeck, Julian",
      title          = "{Neutrinophilic nonstandard interactions}",
      journal        = "Phys. Rev.",
      volume         = "D94",
      year           = "2016",
      number         = "5",
      pages          = "053010",
      doi            = "10.1103/PhysRevD.94.053010",
      eprint         = "1607.07616",
      archivePrefix  = "arXiv",
      primaryClass   = "hep-ph",
      reportNumber   = "ULB-TH-16-12",
      SLACcitation   = "%%CITATION = ARXIV:1607.07616;%%"
}

@article{Krasznahorkay:2015iga,
      author         = "Krasznahorkay, A. J. and others",
      title          = "{Observation of Anomalous Internal Pair Creation in Be8 :
                        A Possible Indication of a Light, Neutral Boson}",
      journal        = "Phys. Rev. Lett.",
      volume         = "116",
      year           = "2016",
      number         = "4",
      pages          = "042501",
      doi            = "10.1103/PhysRevLett.116.042501",
      eprint         = "1504.01527",
      archivePrefix  = "arXiv",
      primaryClass   = "nucl-ex",
      SLACcitation   = "%%CITATION = ARXIV:1504.01527;%%"
}


@article{Chu:2015ipa,
      author         = "Chu, Xiaoyong and Dasgupta, Basudeb and Kopp, Joachim",
      title          = "{Sterile neutrinos with secret interactions‚Äîlasting
                        friendship with cosmology}",
      journal        = "JCAP",
      volume         = "1510",
      year           = "2015",
      number         = "10",
      pages          = "011",
      doi            = "10.1088/1475-7516/2015/10/011",
      eprint         = "1505.02795",
      archivePrefix  = "arXiv",
      primaryClass   = "hep-ph",
      reportNumber   = "MITP-15-033, TIFR-TH-15-14",
      SLACcitation   = "%%CITATION = ARXIV:1505.02795;%%"
}

@article{Feng:2016jff,
      author         = "Feng, Jonathan L. and Fornal, Bartosz and Galon, Iftah
                        and Gardner, Susan and Smolinsky, Jordan and Tait, Tim M.
                        P. and Tanedo, Philip",
      title          = "{Protophobic Fifth-Force Interpretation of the Observed
                        Anomaly in $^8$Be Nuclear Transitions}",
      journal        = "Phys. Rev. Lett.",
      volume         = "117",
      year           = "2016",
      number         = "7",
      pages          = "071803",
      doi            = "10.1103/PhysRevLett.117.071803",
      eprint         = "1604.07411",
      archivePrefix  = "arXiv",
      primaryClass   = "hep-ph",
      reportNumber   = "UCI-TR-2016-09",
      SLACcitation   = "%%CITATION = ARXIV:1604.07411;%%"
}



@inproceedings{Alvarez-Ruso:2017hdm,
      author         = "Alvarez-Ruso, Luis and Saul-Sala, Eduardo",
      title          = "{Radiative decay of heavy neutrinos at MiniBooNE and
                        MicroBooNE}",
      booktitle      = "{Prospects in Neutrino Physics (NuPhys2016) London,
                        London, United Kingdom, December 12-14, 2016}",
      url            = "https://inspirehep.net/record/1597406/files/arXiv:1705.00353.pdf",
      year           = "2017",
      eprint         = "1705.00353",
      archivePrefix  = "arXiv",
      primaryClass   = "hep-ph",
      reportNumber   = "NUPHYS2016-SAUL-SALA",
      SLACcitation   = "%%CITATION = ARXIV:1705.00353;%%"
}

@article{Radionov:2013mca,
      author         = "Radionov, Alexander",
      title          = "{Constraints on electromagnetic properties of sterile
                        neutrinos from MiniBooNE results}",
      journal        = "Phys. Rev.",
      volume         = "D88",
      year           = "2013",
      number         = "1",
      pages          = "015016",
      doi            = "10.1103/PhysRevD.88.015016",
      eprint         = "1303.4587",
      archivePrefix  = "arXiv",
      primaryClass   = "hep-ph",
      SLACcitation   = "%%CITATION = ARXIV:1303.4587;%%"
}

@article{Essig:2013vha,
      author         = "Essig, Rouven and Mardon, Jeremy and Papucci, Michele and
                        Volansky, Tomer and Zhong, Yi-Ming",
      title          = "{Constraining Light Dark Matter with Low-Energy $e^+e^-$
                        Colliders}",
      journal        = "JHEP",
      volume         = "11",
      year           = "2013",
      pages          = "167",
      doi            = "10.1007/JHEP11(2013)167",
      eprint         = "1309.5084",
      archivePrefix  = "arXiv",
      primaryClass   = "hep-ph",
      SLACcitation   = "%%CITATION = ARXIV:1309.5084;%%"
}

@article{PalomaresRuiz:2005vf,
      author         = "Palomares-Ruiz, Sergio and Pascoli, Silvia and Schwetz,
                        Thomas",
      title          = "{Explaining LSND by a decaying sterile neutrino}",
      journal        = "JHEP",
      volume         = "09",
      year           = "2005",
      pages          = "048",
      doi            = "10.1088/1126-6708/2005/09/048",
      eprint         = "hep-ph/0505216",
      archivePrefix  = "arXiv",
      primaryClass   = "hep-ph",
      reportNumber   = "CERN-PH-TH-2005-083, SISSA-34-2005-EP",
      SLACcitation   = "%%CITATION = HEP-PH/0505216;%%"
}


#Babu Kolda March-Russell: first one. 
@article{Babu:1996vt,
      author         = "Babu, K.S. and Kolda, Christopher F. and March-Russell,
                        John",
      title          = "{Leptophobic U(1) $s$ and the R($b$) - R($c$) crisis}",
      journal        = "Phys.Rev.",
      volume         = "D54",
      pages          = "4635-4647",
      doi            = "10.1103/PhysRevD.54.4635",
      year           = "1996",
      eprint         = "hep-ph/9603212",
      archivePrefix  = "arXiv",
      primaryClass   = "hep-ph",
      reportNumber   = "IASSNS-HEP-96-20",
      SLACcitation   = "%%CITATION = HEP-PH/9603212;%%",
}

#Babu Kolda March-Russell: second one 
@article{Babu:1997st,
      author         = "Babu, K.S. and Kolda, Christopher F. and March-Russell,
                        John",
      title          = "{Implications of generalized Z - Z-prime mixing}",
      journal        = "Phys.Rev.",
      volume         = "D57",
      pages          = "6788-6792",
      doi            = "10.1103/PhysRevD.57.6788",
      year           = "1998",
      eprint         = "hep-ph/9710441",
      archivePrefix  = "arXiv",
      primaryClass   = "hep-ph",
      reportNumber   = "IASSNS-HEP-97-114",
      SLACcitation   = "%%CITATION = HEP-PH/9710441;%%",
}

@article{Gninenko:2009ks,
      author         = "Gninenko, S. N.",
      title          = "{The MiniBooNE anomaly and heavy neutrino decay}",
      journal        = "Phys. Rev. Lett.",
      volume         = "103",
      year           = "2009",
      pages          = "241802",
      doi            = "10.1103/PhysRevLett.103.241802",
      eprint         = "0902.3802",
      archivePrefix  = "arXiv",
      primaryClass   = "hep-ph",
      SLACcitation   = "%%CITATION = ARXIV:0902.3802;%%"
}
@article{Nieves:1982bq,
      author         = "Nieves, Jose F.",
      title          = "{Two Photon Decays of Heavy Neutrinos}",
      journal        = "Phys. Rev.",
      volume         = "D28",
      year           = "1983",
      pages          = "1664",
      doi            = "10.1103/PhysRevD.28.1664",
      reportNumber   = "Print-83-0054 (PUERTO RICO)",
      SLACcitation   = "%%CITATION = PHRVA,D28,1664;%%"
}
@article{Gninenko:1998nn,
      author         = "Gninenko, S. N. and Krasnikov, N. V.",
      title          = "{Limits on the magnetic moment of sterile neutrino and
                        two photon neutrino decay}",
      journal        = "Phys. Lett.",
      volume         = "B450",
      year           = "1999",
      pages          = "165-172",
      doi            = "10.1016/S0370-2693(99)00130-6",
      eprint         = "hep-ph/9808370",
      archivePrefix  = "arXiv",
      primaryClass   = "hep-ph",
      reportNumber   = "CERN-EP-99-038, CERN-EP-99-38",
      SLACcitation   = "%%CITATION = HEP-PH/9808370;%%"
}

@article{Gninenko:2010pr,
      author         = "Gninenko, Sergei N.",
      title          = "{A resolution of puzzles from the LSND, KARMEN, and
                        MiniBooNE experiments}",
      journal        = "Phys. Rev.",
      volume         = "D83",
      year           = "2011",
      pages          = "015015",
      doi            = "10.1103/PhysRevD.83.015015",
      eprint         = "1009.5536",
      archivePrefix  = "arXiv",
      primaryClass   = "hep-ph",
      SLACcitation   = "%%CITATION = ARXIV:1009.5536;%%"
}

@article{Masip:2012ke,
      author         = "Masip, Manuel and Masjuan, Pere and Meloni, Davide",
      title          = "{Heavy neutrino decays at MiniBooNE}",
      journal        = "JHEP",
      volume         = "01",
      year           = "2013",
      pages          = "106",
      doi            = "10.1007/JHEP01(2013)106",
      eprint         = "1210.1519",
      archivePrefix  = "arXiv",
      primaryClass   = "hep-ph",
      reportNumber   = "UG-FT-300-12, CAFPE-170-12",
      SLACcitation   = "%%CITATION = ARXIV:1210.1519;%%"
}

@article{PhysRevLett.75.2650,
  title = {Candidate Events in a Search for ${{\overline{\ensuremath{\nu}}}_{\ensuremath{\mu}}\ensuremath{\rightarrow}\overline{\ensuremath{\nu}}}_{\mathit{e}}$ Oscillations},
  author = {Athanassopoulos, C. and Auerbach, L. B. and Bauer, D. A. and Bolton, R. D. and Boyd, B. and Burman, R. L. and Caldwell, D. O. and Cohen, I. and Dieterle, B. D. and Donahue, J. B. and Eisner, A. M. and Fazely, A. and Federspiel, F. J. and Garvey, G. T. and Gray, M. and Gunasingha, R. M. and Highland, V. and Imlay, R. and Johnston, K. and Louis, W. C. and Lu, A. and Margulies, J. and McIlhany, K. and Metcalf, W. and Reeder, R. A. and Sandberg, V. and Schillaci, M. and Smith, D. and Stancu, I. and Strossman, W. and Sullivan, M. K. and VanDalen, G. J. and Vernon, W. and Wang, Y-X. and White, D. H. and Whitehouse, D. and Works, D. and Xiao, Y. and Yellin, S.},
  journal = {Phys. Rev. Lett.},
  volume = {75},
  issue = {14},
  pages = {2650--2653},
  numpages = {0},
  year = {1995},
  month = {Oct},
  publisher = {American Physical Society},
  doi = {10.1103/PhysRevLett.75.2650},
  url = {http://link.aps.org/doi/10.1103/PhysRevLett.75.2650}
}

@article{AguilarArevalo:2008qa,
      author         = "Aguilar-Arevalo, A. A. and others",
      title          = "{The MiniBooNE Detector}",
      collaboration  = "MiniBooNE",
      journal        = "Nucl. Instrum. Meth.",
      volume         = "A599",
      year           = "2009",
      pages          = "28-46",
      doi            = "10.1016/j.nima.2008.10.028",
      eprint         = "0806.4201",
      archivePrefix  = "arXiv",
      primaryClass   = "hep-ex",
      reportNumber   = "FERMILAB-PUB-08-210",
      SLACcitation   = "%%CITATION = ARXIV:0806.4201;%%"
}

@article{AguilarArevalo:2008rc,
      author         = "Aguilar-Arevalo, A. A. and others",
      title          = "{Unexplained Excess of Electron-Like Events From a 1-GeV
                        Neutrino Beam}",
      collaboration  = "MiniBooNE",
      journal        = "Phys. Rev. Lett.",
      volume         = "102",
      year           = "2009",
      pages          = "101802",
      doi            = "10.1103/PhysRevLett.102.101802",
      eprint         = "0812.2243",
      archivePrefix  = "arXiv",
      primaryClass   = "hep-ex",
      reportNumber   = "FERMILAB-PUB-08-570, LA-UR-08-07142",
      SLACcitation   = "%%CITATION = ARXIV:0812.2243;%%"
}

@article{Aguilar-Arevalo:2013pmq,
      author         = "Aguilar-Arevalo, A. A. and others",
      title          = "{Improved Search for $\bar \nu_\mu \rightarrow \bar
                        \nu_e$ Oscillations in the MiniBooNE Experiment}",
      collaboration  = "MiniBooNE",
      journal        = "Phys. Rev. Lett.",
      volume         = "110",
      year           = "2013",
      pages          = "161801",
      doi            = "10.1103/PhysRevLett.110.161801",
      eprint         = "1207.4809",
      archivePrefix  = "arXiv",
      primaryClass   = "hep-ex",
      reportNumber   = "LA-UR-13-21523, FERMILAB-PUB-13-066-AD-E-PPD,
                        arXiv:1303.2588",
      SLACcitation   = "%%CITATION = ARXIV:1207.4809;%%"
}
@article{Maltoni:2007zf,
      author         = "Maltoni, Michele and Schwetz, Thomas",
      title          = "{Sterile neutrino oscillations after first MiniBooNE
                        results}",
      journal        = "Phys. Rev.",
      volume         = "D76",
      year           = "2007",
      pages          = "093005",
      doi            = "10.1103/PhysRevD.76.093005",
      eprint         = "0705.0107",
      archivePrefix  = "arXiv",
      primaryClass   = "hep-ph",
      reportNumber   = "CERN-PH-TH-2007-075, IFT-UAM-CSIC-07-19",
      SLACcitation   = "%%CITATION = ARXIV:0705.0107;%%"
}
@article{Mohlabeng:2019vrz,
      author         = "Mohlabeng, Gopolang",
      title          = "{Revisiting the Dark Photon Explanation of the Muon g-2
                        Anomaly}",
      year           = "2019",
      eprint         = "1902.05075",
      archivePrefix  = "arXiv",
      primaryClass   = "hep-ph",
      SLACcitation   = "%%CITATION = ARXIV:1902.05075;%%"
}
@article{Merkel:2014avp,
      author         = "Merkel, H. and others",
      title          = "{Search at the Mainz Microtron for Light Massive Gauge
                        Bosons Relevant for the Muon g-2 Anomaly}",
      journal        = "Phys. Rev. Lett.",
      volume         = "112",
      year           = "2014",
      number         = "22",
      pages          = "221802",
      doi            = "10.1103/PhysRevLett.112.221802",
      eprint         = "1404.5502",
      archivePrefix  = "arXiv",
      primaryClass   = "hep-ex",
      SLACcitation   = "%%CITATION = ARXIV:1404.5502;%%"
}
@article{Artamonov:2005cu,
      author         = "Artamonov, A. V. and others",
      title          = "{Upper limit on the branching ratio for the decay pi0
                        ---> nu anti-nu}",
      collaboration  = "E949",
      journal        = "Phys. Rev.",
      volume         = "D72",
      year           = "2005",
      pages          = "091102",
      doi            = "10.1103/PhysRevD.72.091102",
      eprint         = "hep-ex/0506028",
      archivePrefix  = "arXiv",
      primaryClass   = "hep-ex",
      reportNumber   = "BNL-73936-2005-JA, IHEP-2005-09, KEK-2005-11,
                        TRIUMF-TRI-PP-05-08, TUHEP-EX-05-002,
                        FERMILAB-PUB-05-659-E",
      SLACcitation   = "%%CITATION = HEP-EX/0506028;%%"
}
@article{Altmannshofer:2014pba,
      author         = "Altmannshofer, Wolfgang and Gori, Stefania and Pospelov,
                        Maxim and Yavin, Itay",
      title          = "{Neutrino Trident Production: A Powerful Probe of New
                        Physics with Neutrino Beams}",
      journal        = "Phys. Rev. Lett.",
      volume         = "113",
      year           = "2014",
      pages          = "091801",
      doi            = "10.1103/PhysRevLett.113.091801",
      eprint         = "1406.2332",
      archivePrefix  = "arXiv",
      primaryClass   = "hep-ph",
      SLACcitation   = "%%CITATION = ARXIV:1406.2332;%%"
}
@Article{Bernardi:1986ny,
 author        = "G. Bernardi and others",
 title         = "SEARCH FOR NEUTRINO DECAY",
 journal       = "Phys. Lett.",
 volume        = "B166",
 pages         = "479",
 year          = "1986",
}

@article{Archilli2012251,
title = "Search for a vector gauge boson in œï meson decays with the \{KLOE\} detector ",
journal = "Physics Letters B ",
volume = "706",
number = "4‚Äì5",
pages = "251 - 255",
year = "2012",
note = "",
issn = "0370-2693",
doi = "http://dx.doi.org/10.1016/j.physletb.2011.11.033",
url = "http://www.sciencedirect.com/science/article/pii/S0370269311014055",
author = "F. Archilli and D. Babusci and D. Badoni and I. Balwierz and G. Bencivenni and C. Bini and C. Bloise and V. Bocci and F. Bossi and P. Branchini and A. Budano and S.A. Bulychjev and L. Caldeira Balkest√•hl and P. Campana and G. Capon and F. Ceradini and P. Ciambrone and E. Czerwi≈Ñski and E. Dan√© and E. De Lucia and G. De Robertis and A. De Santis and G. De Zorzi and A. Di Domenico and C. Di Donato and D. Domenici and O. Erriquez and G. Fanizzi and G. Felici and S. Fiore and P. Franzini and P. Gauzzi and G. Giardina and S. Giovannella and F. Gonnella and E. Graziani and F. Happacher and B. H√∂istad and L. Iafolla and E. Iarocci and M. Jacewicz and T. Johansson and A. Kowalewska and V. Kulikov and A. Kupsc and J. Lee-Franzini and F. Loddo and G. Mandaglio and M. Martemianov and M. Martini and M. Mascolo and M. Matsyuk and R. Messi and S. Miscetti and G. Morello and D. Moricciani and P. Moskal and F. Nguyen and A. Passeri and V. Patera and I. Prado Longhi and A. Ranieri and C.F. Redmer and P. Santangelo and I. Sarra and M. Schioppa and B. Sciascia and A. Sciubba and M. Silarski and S. Stucci and C. Taccini and L. Tortora and G. Venanzoni and R. Versaci and W. Wi≈õlicki and M. Wolke and J. Zdebik",
keywords = "e + e ‚àí collisions",
keywords = "Dark forces",
keywords = "Gauge vector boson "
}
