@article{Geiregat:1990gz,
      author         = "Geiregat, D. and others",
      title          = "{First observation of neutrino trident production}",
      collaboration  = "CHARM-II",
      journal        = "Phys. Lett.",
      volume         = "B245",
      year           = "1990",
      pages          = "271-275",
      doi            = "10.1016/0370-2693(90)90146-W",
      reportNumber   = "CERN-EP-90-75",
      SLACcitation   = "%%CITATION = PHLTA,B245,271;%%"
}
@article{Magill:2017mps,
      author         = "Magill, Gabriel and Plestid, Ryan",
      title          = "{Probing new charged scalars with neutrino trident
                        production}",
      journal        = "Phys. Rev.",
      volume         = "D97",
      year           = "2018",
      number         = "5",
      pages          = "055003",
      doi            = "10.1103/PhysRevD.97.055003",
      eprint         = "1710.08431",
      archivePrefix  = "arXiv",
      primaryClass   = "hep-ph",
      SLACcitation   = "%%CITATION = ARXIV:1710.08431;%%"
}
@article{Kaneta:2016uyt,
      author         = "Kaneta, Yuya and Shimomura, Takashi",
      title          = "{On the possibility of a search for the $L_\mu - L_\tau$
                        gauge boson at Belle-II and neutrino beam experiments}",
      journal        = "PTEP",
      volume         = "2017",
      year           = "2017",
      number         = "5",
      pages          = "053B04",
      doi            = "10.1093/ptep/ptx050",
      eprint         = "1701.00156",
      archivePrefix  = "arXiv",
      primaryClass   = "hep-ph",
      reportNumber   = "UME-PP-007",
      SLACcitation   = "%%CITATION = ARXIV:1701.00156;%%"
}
@article{Fricke:1995zz,
      author         = "Fricke, G. and Bernhardt, C. and Heilig, K. and Schaller,
                        L. A. and Schellenberg, L. and Shera, E. B. and de Jager,
                        C. W.",
      title          = "{Nuclear Ground State Charge Radii from Electromagnetic
                        Interactions}",
      journal        = "Atom. Data Nucl. Data Tabl.",
      volume         = "60",
      year           = "1995",
      pages          = "177-285",
      doi            = "10.1006/adnd.1995.1007",
      SLACcitation   = "%%CITATION = ADNDA,60,177;%%"
}
@article{Mishra:1991bv,
      author         = "Mishra, S. R. and others",
      title          = "{Neutrino tridents and W Z interference}",
      collaboration  = "CCFR",
      journal        = "Phys. Rev. Lett.",
      volume         = "66",
      year           = "1991",
      pages          = "3117-3120",
      doi            = "10.1103/PhysRevLett.66.3117",
      reportNumber   = "NEVIS-1437",
      SLACcitation   = "%%CITATION = PRLTA,66,3117;%%"
}
@inproceedings{Adams:1998yf,
      author         = "Adams, T. and others",
      title          = "{Neutrino trident production from NuTeV}",
      booktitle      = "{High-energy physics. Proceedings, 29th International
                        Conference, ICHEP'98, Vancouver, Canada, July 23-29, 1998.
                        Vol. 1, 2}",
      collaboration  = "NuTeV",
      year           = "1998",
      pages          = "631-634",
      eprint         = "hep-ex/9811012",
      archivePrefix  = "arXiv",
      primaryClass   = "hep-ex",
      SLACcitation   = "%%CITATION = HEP-EX/9811012;%%"
}
@article{Altmannshofer:2014pba,
      author         = "Altmannshofer, Wolfgang and Gori, Stefania and Pospelov,
                        Maxim and Yavin, Itay",
      title          = "{Neutrino Trident Production: A Powerful Probe of New
                        Physics with Neutrino Beams}",
      journal        = "Phys. Rev. Lett.",
      volume         = "113",
      year           = "2014",
      pages          = "091801",
      doi            = "10.1103/PhysRevLett.113.091801",
      eprint         = "1406.2332",
      archivePrefix  = "arXiv",
      primaryClass   = "hep-ph",
      SLACcitation   = "%%CITATION = ARXIV:1406.2332;%%"
}
@article{Magill:2016hgc,
      author         = "Magill, Gabriel and Plestid, Ryan",
      title          = "{Neutrino Trident Production at the Intensity Frontier}",
      journal        = "Phys. Rev.",
      volume         = "D95",
      year           = "2017",
      number         = "7",
      pages          = "073004",
      doi            = "10.1103/PhysRevD.95.073004",
      eprint         = "1612.05642",
      archivePrefix  = "arXiv",
      primaryClass   = "hep-ph",
      SLACcitation   = "%%CITATION = ARXIV:1612.05642;%%"
}
@article{Lovseth:1971vv,
      author         = "Lovseth, J. and Radomiski, M.",
      title          = "{Kinematical distributions of neutrino-produced lepton
                        triplets}",
      journal        = "Phys. Rev.",
      volume         = "D3",
      year           = "1971",
      pages          = "2686-2706",
      doi            = "10.1103/PhysRevD.3.2686",
      SLACcitation   = "%%CITATION = PHRVA,D3,2686;%%"
}
@article{Belusevic:1987cw,
      author         = "Belusevic, R. and Smith, J.",
      title          = "{W - Z Interference in Neutrino - Nucleus Scattering}",
      journal        = "Phys. Rev.",
      volume         = "D37",
      year           = "1988",
      pages          = "2419",
      doi            = "10.1103/PhysRevD.37.2419",
      reportNumber   = "ITP-SB-87-59, FERMILAB-PUB-87-124-T",
      SLACcitation   = "%%CITATION = PHRVA,D37,2419;%%"
}
@article{Shabalin:1963aa,
      author         = "Shabalin, E. P.",
      title          = "{The $\mu^+\mu^-$ and $e^+ e^-$ pair production cross 
      					sections for neutrinos scattered by nuclei}",
      journal        = "Sov. Phys. JETP",
      volume         = "16",
      year           = "1963",
      pages          = "125",
      note           = "[Zh. Eksp. Teor. Fiz.43,175(1963)]",
}
@article{Czyz:1964zz,
      author         = "Czyz, W. and Sheppey, G. C. and Walecka, J. D.",
      title          = "{Neutrino production of lepton pairs through the point
                        four-fermion interaction}",
      journal        = "Nuovo Cim.",
      volume         = "34",
      year           = "1964",
      pages          = "404-435",
      doi            = "10.1007/BF02734586",
      SLACcitation   = "%%CITATION = NUCIA,34,404;%%"
}
@article{Fujikawa:1971nx,
      author         = "Fujikawa, K.",
      title          = "{The self-coupling of weak lepton currents in high-energy
                        neutrino and muon reactions}",
      journal        = "Annals Phys.",
      volume         = "68",
      year           = "1971",
      pages          = "102-162",
      doi            = "10.1016/0003-4916(71)90244-2",
      SLACcitation   = "%%CITATION = APNYA,68,102;%%"
}
@article{Brown:1971qr,
      author         = "Brown, R. W.",
      title          = "{Intermediate boson. i. theoretical production
                        cross-sections in high-energy neutrino and muon
                        experiments}",
      journal        = "Phys. Rev.",
      volume         = "D3",
      year           = "1971",
      pages          = "207-223",
      doi            = "10.1103/PhysRevD.3.207",
      SLACcitation   = "%%CITATION = PHRVA,D3,207;%%"
}
@article{Kniehl:1990iv,
      author         = "Kniehl, Bernd A.",
      title          = "{Elastic e p scattering and the Weizsacker-Williams
                        approximation}",
      journal        = "Phys. Lett.",
      volume         = "B254",
      year           = "1991",
      pages          = "267-273",
      doi            = "10.1016/0370-2693(91)90432-P",
      reportNumber   = "MAD-PH-595",
      SLACcitation   = "%%CITATION = PHLTA,B254,267;%%"
}
@article{Brown:1973ih,
      author         = "Brown, R. W. and Hobbs, R. H. and Smith, J. and Stanko,
                        N.",
      title          = "{Intermediate boson. iii. virtual-boson effects in
                        neutrino trident production}",
      journal        = "Phys. Rev.",
      volume         = "D6",
      year           = "1972",
      pages          = "3273-3292",
      doi            = "10.1103/PhysRevD.6.3273",
      SLACcitation   = "%%CITATION = PHRVA,D6,3273;%%"
}
@article{Frixione:1993yw,
      author         = "Frixione, Stefano and Mangano, Michelangelo L. and Nason,
                        Paolo and Ridolfi, Giovanni",
      title          = "{Improving the Weizsacker-Williams approximation in
                        electron - proton collisions}",
      journal        = "Phys. Lett.",
      volume         = "B319",
      year           = "1993",
      pages          = "339-345",
      doi            = "10.1016/0370-2693(93)90823-Z",
      eprint         = "hep-ph/9310350",
      archivePrefix  = "arXiv",
      primaryClass   = "hep-ph",
      reportNumber   = "CERN-TH-7032-93, GEF-TH-18-93",
      SLACcitation   = "%%CITATION = HEP-PH/9310350;%%"
}
@article{vonWeizsacker:1934nji,
      author         = "von Weizsacker, C. F.",
      title          = "{Radiation emitted in collisions of very fast electrons}",
      journal        = "Z. Phys.",
      volume         = "88",
      year           = "1934",
      pages          = "612-625",
      doi            = "10.1007/BF01333110",
      SLACcitation   = "%%CITATION = ZEPYA,88,612;%%"
}
@phdthesis{Boehm:2009zz,
      author         = "Boehm, Joshua Adam Alpern",
      title          = "{Measurement of electron neutrino appearance with the
                        MINOS experiment}",
      school         = "Harvard U.",
      year           = "2009",
      url            = "http://lss.fnal.gov/cgi-bin/find_paper.pl?thesis-2009-17",
      doi            = "10.2172/957077",
      reportNumber   = "FERMILAB-THESIS-2009-17",
      SLACcitation   = "%%CITATION = FERMILAB-THESIS-2009-17;%%"
}
@unpublished{MINERvA:2017,
collaboration  = "MINERvA",
title = "{MINERvA Status Report and
Request for $12\times10^{20}$ POT in Antineutrino Mode}",
      year           = "2017",
      note   = "MINERvA-doc-16296-v7",
}
@article{Aliaga:2016oaz,
      author         = "Aliaga, L. and others",
      title          = "{Neutrino Flux Predictions for the NuMI Beam}",
      collaboration  = "MINERvA",
      journal        = "Phys. Rev.",
      volume         = "D94",
      year           = "2016",
      number         = "9",
      pages          = "092005",
      doi            = "10.1103/PhysRevD.94.092005, 10.1103/PhysRevD.95.039903",
      note           = "[Addendum: Phys. Rev.D95,no.3,039903(2017)]",
      eprint         = "1607.00704",
      archivePrefix  = "arXiv",
      primaryClass   = "hep-ex",
      reportNumber   = "FERMILAB-PUB-16-091-ND",
      SLACcitation   = "%%CITATION = ARXIV:1607.00704;%%"
}
@article{Williams:1934ad,
      author         = "Williams, E. J.",
      title          = "{Nature of the high-energy particles of penetrating
                        radiation and status of ionization and radiation
                        formulae}",
      journal        = "Phys. Rev.",
      volume         = "45",
      year           = "1934",
      pages          = "729-730",
      doi            = "10.1103/PhysRev.45.729",
      SLACcitation   = "%%CITATION = PHRVA,45,729;%%"
}
@article{Fermi:1924tc,
      author         = "Fermi, E.",
      title          = "{On the Theory of the impact between atoms and
                        electrically charged particles}",
      journal        = "Z. Phys.",
      volume         = "29",
      year           = "1924",
      pages          = "315-327",
      doi            = "10.1007/BF03184853",
      SLACcitation   = "%%CITATION = ZEPYA,29,315;%%"
}
@article{Kozhushner:1962aa,
      author     = "Kozhushner, M. A. and Shabalin, E. P.",
      title          = "{Production of lepton particle pairs on a Coulomb center}",
      journal    = "Sov. Phys. JETP",
      volume   = "14",
      year         = "1962",
      pages      = "676",
      note         = "[Zh. Eksp. Teor. Fiz.41,949(1962)]",
}
%
%
%
%
@article{Acciarri:2016ooe,
      author         = "Acciarri, R. and others",
      title          = "{Long-Baseline Neutrino Facility (LBNF) and Deep
                        Underground Neutrino Experiment (DUNE)}",
      collaboration  = "DUNE",
      year           = "2016",
      eprint         = "1601.02984",
      archivePrefix  = "arXiv",
      primaryClass   = "physics.ins-det",
      reportNumber   = "FERMILAB-DESIGN-2016-04",
      SLACcitation   = "%%CITATION = ARXIV:1601.02984;%%"
}
@article{Acciarri:2016sli,
      author         = "Acciarri, R. and others",
      title          = "{First Observation of Low Energy Electron Neutrinos in a
                        Liquid Argon Time Projection Chamber}",
      collaboration  = "ArgoNeuT",
      journal        = "Phys. Rev.",
      volume         = "D95",
      year           = "2017",
      number         = "7",
      pages          = "072005",
      doi            = "10.1103/PhysRevD.95.072005",
      note           = "[Phys. Rev.D95,072005(2017)]",
      eprint         = "1610.04102",
      archivePrefix  = "arXiv",
      primaryClass   = "hep-ex",
      reportNumber   = "FERMILAB-PUB-16-466-ND",
      SLACcitation   = "%%CITATION = ARXIV:1610.04102;%%"
}
@article{PhysRevD.84.017501,
  title = {Single photon background to ${\ensuremath{\nu}}_{e}$ appearance at MiniBooNE},
  author = {Hill, Richard J.},
  journal = {Phys. Rev. D},
  volume = {84},
  issue = {1},
  pages = {017501},
  numpages = {4},
  year = {2011},
  month = {Jul},
  publisher = {American Physical Society},
  doi = {10.1103/PhysRevD.84.017501},
  url = {https://link.aps.org/doi/10.1103/PhysRevD.84.017501}
}
@unpublished{sanchez_mayly_2018_1286758,
  author       = {Sanchez, Mayly},
  title        = "{NOvA Results and Prospects}",
  month        = jun,
  year         = 2018,
  note          = "{10.5281/zenodo.1286758}",
  url          = {https://doi.org/10.5281/zenodo.1286758}
}
@unpublished{NovaII,
  author       = {Vahle, Patricia},
  title        = "{NOvA Status and Prospects, 2018 July PUBLIC PAC Meeting}",
  month        = jul,
  year         = 2018,
}
@article{PhysRevLett.108.052505,
  title = {Analysis of $\ensuremath{\gamma}$-Ray Production in Neutral-Current Neutrino-Oxygen Interactions at Energies above 200 MeV},
  author = {Ankowski, Artur M. and Benhar, Omar and Mori, Takaaki and Yamaguchi, Ryuta and Sakuda, Makoto},
  journal = {Phys. Rev. Lett.},
  volume = {108},
  issue = {5},
  pages = {052505},
  numpages = {5},
  year = {2012},
  month = {Feb},
  publisher = {American Physical Society},
  doi = {10.1103/PhysRevLett.108.052505},
  url = {https://link.aps.org/doi/10.1103/PhysRevLett.108.052505}
}

@article{Bodek:2007wb,
      author         = "Bodek, Arie",
      title          = "{Muon internal bremsstrahlung: A Conventional explanation
                        for the excess nu(e) events in MiniBoone}",
      year           = "2007",
      eprint         = "0709.4004",
      archivePrefix  = "arXiv",
      primaryClass   = "hep-ex",
      SLACcitation   = "%%CITATION = ARXIV:0709.4004;%%"
}

@article{Efrosinin:2009zz,
      author         = "Efrosinin, V. P. and Kudenko, {\relax Yu}. G. and
                        Khotjantsev, A. N.",
      title          = "{Single-photon production in neutrino-nucleon
                        interactions}",
      journal        = "Phys. Atom. Nucl.",
      volume         = "72",
      year           = "2009",
      pages          = "459-464",
      doi            = "10.1134/S1063778809030089",
      note           = "[Yad. Fiz.72,493(2009)]",
      SLACcitation   = "%%CITATION = PANUE,72,459;%%"
}
@article{Mariani:2010ez,
      author         = "Mariani, C. and others",
      title          = "{Measurement of inclusive $\pi^0$ production in the
                        Charged-Current Interactions of Neutrinos in a 1.3-GeV
                        wide band beam}",
      collaboration  = "K2K",
      journal        = "Phys. Rev.",
      volume         = "D83",
      year           = "2011",
      pages          = "054023",
      doi            = "10.1103/PhysRevD.83.054023",
      eprint         = "1012.1794",
      archivePrefix  = "arXiv",
      primaryClass   = "hep-ex",
      SLACcitation   = "%%CITATION = ARXIV:1012.1794;%%"
}
@article{Adamson:2014pgc,
      author         = "Adamson, P. and others",
      title          = "{Study of quasielastic scattering using charged-current
                        $\nu_\mu$ -iron interactions in the MINOS near detector}",
      collaboration  = "MINOS",
      journal        = "Phys. Rev.",
      volume         = "D91",
      year           = "2015",
      number         = "1",
      pages          = "012005",
      doi            = "10.1103/PhysRevD.91.012005",
      eprint         = "1410.8613",
      archivePrefix  = "arXiv",
      primaryClass   = "hep-ex",
      reportNumber   = "FERMILAB-PUB-14-401-E",
      SLACcitation   = "%%CITATION = ARXIV:1410.8613;%%"
}
@article{Arevalo:2010xt,
      author         = "Aguilar-Arevalo, A. A. and others",
      title          = "{Measurement of $\nu_\mu$-induced charged-current neutral
                        pion production cross sections on mineral oil at
                        $E_\nu\in0.5-2.0$ GeV}",
      collaboration  = "MiniBooNE",
      journal        = "Phys. Rev.",
      volume         = "D83",
      year           = "2011",
      pages          = "052009",
      doi            = "10.1103/PhysRevD.83.052009",
      eprint         = "1010.3264",
      archivePrefix  = "arXiv",
      primaryClass   = "hep-ex",
      reportNumber   = "FERMILAB-PUB-10-426-E",
      SLACcitation   = "%%CITATION = ARXIV:1010.3264;%%"
}
@article{Rein:1980wg,
      author         = "Rein, Dieter and Sehgal, Lalit M.",
      title          = "{Neutrino Excitation of Baryon Resonances and Single Pion
                        Production}",
      journal        = "Annals Phys.",
      volume         = "133",
      year           = "1981",
      pages          = "79-153",
      doi            = "10.1016/0003-4916(81)90242-6",
      reportNumber   = "PITHA-80-10",
      SLACcitation   = "%%CITATION = APNYA,133,79;%%"
}
@article{Altinok:2017xua,
      author         = "Altinok, O. and others",
      title          = "{Measurement of $\nu_{\mu}$ charged-current single
                        $\pi^{0}$ production on hydrocarbon in the few-GeV region
                        using MINERvA}",
      collaboration  = "MINERvA",
      journal        = "Phys. Rev.",
      volume         = "D96",
      year           = "2017",
      number         = "7",
      pages          = "072003",
      doi            = "10.1103/PhysRevD.96.072003",
      eprint         = "1708.03723",
      archivePrefix  = "arXiv",
      primaryClass   = "hep-ex",
      reportNumber   = "FERMILAB-PUB-17-220-ND",
      SLACcitation   = "%%CITATION = ARXIV:1708.03723;%%"
}
@article{Acciarri:2015ncl,
      author         = "Acciarri, R. and others",
      title          = "{Measurement of $\nu_{\mu}$ and $\bar{\nu}_{\mu}$ neutral
                        current $\pi^{0} \rightarrow \gamma\gamma$ production in
                        the ArgoNeuT detector}",
      collaboration  = "ArgoNeuT",
      journal        = "Phys. Rev.",
      volume         = "D96",
      year           = "2017",
      number         = "1",
      pages          = "012006",
      doi            = "10.1103/PhysRevD.96.012006",
      eprint         = "1511.00941",
      archivePrefix  = "arXiv",
      primaryClass   = "hep-ex",
      reportNumber   = "FERMILAB-PUB-15-479-ND",
      SLACcitation   = "%%CITATION = ARXIV:1511.00941;%%"
}
@article{Rein:2006di,
      author         = "Rein, D. and Sehgal, L. M.",
      title          = "{PCAC and the Deficit of Forward Muons in pi+ Production
                        by Neutrinos}",
      journal        = "Phys. Lett.",
      volume         = "B657",
      year           = "2007",
      pages          = "207-209",
      doi            = "10.1016/j.physletb.2007.10.025",
      eprint         = "hep-ph/0606185",
      archivePrefix  = "arXiv",
      primaryClass   = "hep-ph",
      SLACcitation   = "%%CITATION = HEP-PH/0606185;%%"
}
@article{REIN198329,
title = "Coherent $\pi^0$ production in neutrino reactions",
journal = "Nuclear Physics B",
volume = "223",
number = "1",
pages = "29 - 44",
year = "1983",
issn = "0550-3213",
doi = "https://doi.org/10.1016/0550-3213(83)90090-1",
url = "http://www.sciencedirect.com/science/article/pii/0550321383900901",
author = "Dieter Rein and Lalit M. Sehgal"
}
@article{AguilarArevalo:2009ww,
      author         = "Aguilar-Arevalo, Alexis A. and others",
      title          = "{Measurement of $\nu_\mu$ and $\bar{\nu}_\mu$ induced
                        neutral current single $\pi^0$ production cross sections
                        on mineral oil at $E_\nu \sim {\cal O}(1 {\rm GeV})$}",
      collaboration  = "MiniBooNE",
      journal        = "Phys. Rev.",
      volume         = "D81",
      year           = "2010",
      pages          = "013005",
      doi            = "10.1103/PhysRevD.81.013005",
      eprint         = "0911.2063",
      archivePrefix  = "arXiv",
      primaryClass   = "hep-ex",
      reportNumber   = "FERMILAB-PUB-09-583-E",
      SLACcitation   = "%%CITATION = ARXIV:0911.2063;%%"
}
@article{Lellis:2004yn,
      author         = "De Lellis, Giovanni and Migliozzi, Pasquale and
                        Santorelli, Pietro",
      title          = "{Charm physics with neutrinos}",
      journal        = "Phys. Rept.",
      volume         = "399",
      year           = "2004",
      pages          = "227-320",
      doi            = "10.1016/j.physrep.2005.02.001,
                        10.1016/j.physrep.2004.07.005",
      note           = "[Erratum: Phys. Rept.411,323(2005)]",
      reportNumber   = "DSF-2004-20",
      SLACcitation   = "%%CITATION = PRPLC,399,227;%%"
}
@article{Benvenuti:1975ru,
      author         = "Benvenuti, A. C. and others",
      title          = "{Observation of New Particle Production by High-Energy
                        Neutrinos and anti-neutrinos}",
      journal        = "Phys. Rev. Lett.",
      volume         = "34",
      year           = "1975",
      pages          = "419",
      doi            = "10.1103/PhysRevLett.34.419",
      reportNumber   = "Print-75-0107 (HARVARD)",
      SLACcitation   = "%%CITATION = PRLTA,34,419;%%"
}
@article{Mislivec:2017qfz,
      author         = "Mislivec, A. and others",
      title          = "{Measurement of total and differential cross sections of
                        neutrino and antineutrino coherent $\pi^\pm$ production on
                        carbon}",
      collaboration  = "MINERvA",
      journal        = "Phys. Rev.",
      volume         = "D97",
      year           = "2018",
      number         = "3",
      pages          = "032014",
      doi            = "10.1103/PhysRevD.97.032014",
      eprint         = "1711.01178",
      archivePrefix  = "arXiv",
      primaryClass   = "hep-ex",
      reportNumber   = "FERMILAB-PUB-17-504-E",
      SLACcitation   = "%%CITATION = ARXIV:1711.01178;%%"
}
@article{Abe:2016aoo,
      author         = "Abe, K. and others",
      title          = "{First measurement of the muon neutrino charged current
                        single pion production cross section on water with the T2K
                        near detector}",
      collaboration  = "T2K",
      journal        = "Phys. Rev.",
      volume         = "D95",
      year           = "2017",
      number         = "1",
      pages          = "012010",
      doi            = "10.1103/PhysRevD.95.012010",
      eprint         = "1605.07964",
      archivePrefix  = "arXiv",
      primaryClass   = "hep-ex",
      SLACcitation   = "%%CITATION = ARXIV:1605.07964;%%"
}
@article{AguilarArevalo:2010xt,
      author         = "Aguilar-Arevalo, A. A. and others",
      title          = "{Measurement of $\nu_\mu$-induced charged-current neutral
                        pion production cross sections on mineral oil at
                        $E_\nu\in0.5-2.0$ GeV}",
      collaboration  = "MiniBooNE",
      journal        = "Phys. Rev.",
      volume         = "D83",
      year           = "2011",
      pages          = "052009",
      doi            = "10.1103/PhysRevD.83.052009",
      eprint         = "1010.3264",
      archivePrefix  = "arXiv",
      primaryClass   = "hep-ex",
      reportNumber   = "FERMILAB-PUB-10-426-E",
      SLACcitation   = "%%CITATION = ARXIV:1010.3264;%%"
}
@article{Kurimoto:2010rc,
      author         = "Kurimoto, Y. and others",
      title          = "{Improved measurement of neutral current coherent $\pi^0$
                        production on carbon in a few-GeV neutrino beam}",
      collaboration  = "SciBooNE",
      journal        = "Phys. Rev.",
      volume         = "D81",
      year           = "2010",
      pages          = "111102",
      doi            = "10.1103/PhysRevD.81.111102",
      eprint         = "1005.0059",
      archivePrefix  = "arXiv",
      primaryClass   = "hep-ex",
      reportNumber   = "FERMILAB-PUB-10-197-PPD",
      SLACcitation   = "%%CITATION = ARXIV:1005.0059;%%"
}

@article{Abe:2016fic,
      author         = "Abe, K. and others",
      title          = "{Measurement of Coherent $\pi^{+}$ Production in Low
                        Energy Neutrino-Carbon Scattering}",
      collaboration  = "T2K",
      journal        = "Phys. Rev. Lett.",
      volume         = "117",
      year           = "2016",
      number         = "19",
      pages          = "192501",
      doi            = "10.1103/PhysRevLett.117.192501",
      eprint         = "1604.04406",
      archivePrefix  = "arXiv",
      primaryClass   = "hep-ex",
      SLACcitation   = "%%CITATION = ARXIV:1604.04406;%%"
}
@article{Higuera:2014azj,
      author         = "Higuera, A. and others",
      title          = "{Measurement of Coherent Production of $\pi^\pm$ in
                        Neutrino and Antineutrino Beams on Carbon from $E_\nu$ of
                        $1.5$ to $20$ GeV}",
      collaboration  = "MINERvA",
      journal        = "Phys. Rev. Lett.",
      volume         = "113",
      year           = "2014",
      number         = "26",
      pages          = "261802",
      doi            = "10.1103/PhysRevLett.113.261802",
      eprint         = "1409.3835",
      archivePrefix  = "arXiv",
      primaryClass   = "hep-ex",
      reportNumber   = "FERMILAB-PUB-14-331-E",
      SLACcitation   = "%%CITATION = ARXIV:1409.3835;%%"
}
@article{Acciarri:2014eit,
      author         = "Acciarri, R. and others",
      title          = "{First Measurement of Neutrino and Antineutrino Coherent
                        Charged Pion Production on Argon}",
      collaboration  = "ArgoNeuT",
      journal        = "Phys. Rev. Lett.",
      volume         = "113",
      year           = "2014",
      number         = "26",
      pages          = "261801",
      doi            = "10.1103/PhysRevLett.113.261801,
                        10.1103/PhysRevLett.114.039901",
      note           = "[erratum: Phys. Rev. Lett.114,no.3,039901(2015)]",
      eprint         = "1408.0598",
      archivePrefix  = "arXiv",
      primaryClass   = "hep-ex",
      reportNumber   = "FERMILAB-PUB-14-258-E",
      SLACcitation   = "%%CITATION = ARXIV:1408.0598;%%"
}
@article{Smith:1977nx,
      author         = "Smith, J. and Vermaseren, J. A. M.",
      title          = "{Electromagnetic Backgrounds in Neutrino Produced Trimuon
                        Events}",
      journal        = "Phys. Rev.",
      volume         = "D17",
      year           = "1978",
      pages          = "2288",
      doi            = "10.1103/PhysRevD.17.2288",
      reportNumber   = "ITP-SB-77-66",
      SLACcitation   = "%%CITATION = PHRVA,D17,2288;%%"
}


@article{Anni1994,
      author         = "Anni, R. and Co, G. and Pellegrino, P.",
      title          = "{Nuclear charge density distributions from elastic
                        electron scattering data}",
      journal        = "Nucl. Phys.",
      volume         = "A584",
      year           = "1995",
      pages          = "35-59",
      doi            = "10.1016/0375-9474(94)00508-K",
      eprint         = "nucl-th/9410023",
      archivePrefix  = "arXiv",
      primaryClass   = "nucl-th",
      SLACcitation   = "%%CITATION = NUCL-TH/9410023;%%"
}
@article{Sprung1997,
  author={D W L Sprung and J Martorell},
  title={The symmetrized Fermi function and its transforms},
  journal={Journal of Physics A: Mathematical and General},
  volume={30},
  number={18},
  pages={6525},
  url={http://stacks.iop.org/0305-4470/30/i=18/a=026},
  year={1997},
  abstract={The Fermi function is a useful model in many branches of physics, from statistical mechanics to nuclear physics to astrophysics. The symmetrized Fermi function has the advantage that with it, many useful integrals can be evaluated exactly . Strangely, this does not seem to be well known in the physics community.}
}

@article{Hand:1963bb,
      author         = "Hand, L. N.",
      title          = "{Experimental investigation of pion electroproduction}",
      journal        = "Phys. Rev.",
      volume         = "129",
      year           = "1963",
      pages          = "1834-1846",
      doi            = "10.1103/PhysRev.129.1834",
      SLACcitation   = "%%CITATION = PHRVA,129,1834;%%"
}

@article{Friberg:2000nx,
      author         = "Friberg, Christer and Sjostrand, Torbjorn",
      title          = "{Effects of longitudinal photons}",
      journal        = "Phys. Lett.",
      volume         = "B492",
      year           = "2000",
      pages          = "123-134",
      doi            = "10.1016/S0370-2693(00)01084-4",
      eprint         = "hep-ph/0009003",
      archivePrefix  = "arXiv",
      primaryClass   = "hep-ph",
      reportNumber   = "LU-TP-00-31",
      SLACcitation   = "%%CITATION = HEP-PH/0009003;%%"
}


@article{Mertig1990,
      author         = "Mertig, R. and Bohm, M. and Denner, Ansgar",
      title          = "{FEYN CALC: Computer algebraic calculation of Feynman
                        amplitudes}",
      journal        = "Comput. Phys. Commun.",
      volume         = "64",
      year           = "1991",
      pages          = "345-359",
      doi            = "10.1016/0010-4655(91)90130-D",
      reportNumber   = "PRINT-90-0639 (WURZBURG)",
      SLACcitation   = "%%CITATION = CPHCB,64,345;%%"
}
@article{Shtabovenko2016,
      author         = "Shtabovenko, Vladyslav and Mertig, Rolf and Orellana,
                        Frederik",
      title          = "{New Developments in FeynCalc 9.0}",
      journal        = "Comput. Phys. Commun.",
      volume         = "207",
      year           = "2016",
      pages          = "432-444",
      doi            = "10.1016/j.cpc.2016.06.008",
      eprint         = "1601.01167",
      archivePrefix  = "arXiv",
      primaryClass   = "hep-ph",
      reportNumber   = "TUM-EFT-71-15",
      SLACcitation   = "%%CITATION = ARXIV:1601.01167;%%"
}

@article{VanDantzig2008,
archivePrefix = {arXiv},
arxivId = {arXiv:0804.1869v1},
author = {{Van Dantzig}, R and others},
eprint = {arXiv:0804.1869v1},
keywords = {()},
title = {{Leading Order Analysis of Neutrino Induced Dimuon Events in the CHORUS Experiment}},
url = {https://arxiv.org/pdf/0804.1869.pdf},
year = {2008}
}
@article{Hahn2004,
archivePrefix = {arXiv},
arxivId = {hep-ph/0404043},
author = {Hahn, T.},
doi = {10.1016/j.cpc.2005.01.010},
eprint = {0404043},
month = {apr},
pages = {78--95},
primaryClass = {hep-ph},
title = {{C UBA — a library for multidimensional numerical integration ✩}},
url = {https://arxiv.org/abs/hep-ph/0404043},
volume = {168},
year = {2005}
}
@article{Wascko2006,
author = {Wascko, M.O.},
doi = {10.1016/j.nuclphysbps.2006.08.077},
issn = {09205632},
journal = {Nuclear Physics B - Proceedings Supplements},
month = {sep},
pages = {50--55},
title = {{Charged Current Single Pion Cross Section Measurement at MiniBooNE}},
url = {http://linkinghub.elsevier.com/retrieve/pii/S0920563206005068},
volume = {159},
year = {2006}
}


@article{DeGouvea2006,
archivePrefix = {arXiv},
arxivId = {hep-ph/0603036},
author = {{De Gouv{\^{e}}a}, Andr{\'{e}} and Jenkins, James},
doi = {10.1103/PhysRevD.74.033004},
eprint = {0603036},
issn = {15507998},
journal = {Physical Review D - Particles, Fields, Gravitation and Cosmology},
number = {3},
primaryClass = {hep-ph},
title = {{What can we learn from neutrino electron scattering?}},
url = {https://arxiv.org/pdf/hep-ph/0603036.pdf},
volume = {74},
year = {2006}
}
@article{Aguilar-Arevalo2010,
archivePrefix = {arXiv},
arxivId = {arXiv:1011.3572v1},
author = {Aguilar-Arevalo, A. A. and others},
doi = {10.1103/PhysRevD.83.052007},
eprint = {arXiv:1011.3572v1},
issn = {15507998},
journal = {Physical Review D - Particles, Fields, Gravitation and Cosmology},
month = {nov},
number = {5},
pages = {29},
title = {{Measurement of Neutrino-Induced Charged-Current Charged Pion Production Cross Sections on Mineral Oil at E{\$}{\_}{\{}\backslashnu{\}}\backslashsim 1{\~{}}\backslashtextrm{\{}GeV{\}}{\$}}},
url = {http://arxiv.org/abs/1011.3572 http://dx.doi.org/10.1103/PhysRevD.83.052007},
volume = {83},
year = {2010}
}

@article{Alion2016,
archivePrefix = {arXiv},
arxivId = {1606.09550},
author = {Alion, T. and others},
eprint = {1606.09550},
month = {jun},
pages = {9},
title = {{Experiment Simulation Configurations Used in DUNE CDR}},
url = {http://arxiv.org/abs/1606.09550},
year = {2016}
}
@article{Chiang2012,
archivePrefix = {arXiv},
arxivId = {1204.6296},
author = {Chiang, Cheng-Wei and Faisel, Gaber and Lin, Yi-Fan and Tandean, Jusak},
doi = {10.1007/JHEP10(2013)150},
eprint = {1204.6296},
month = {apr},
title = {{Constraining Nonstandard Neutrino-Electron Interactions due to a New Light Spin-1 Boson}},
url = {http://arxiv.org/abs/1204.6296 http://dx.doi.org/10.1007/JHEP10(2013)150 http://arxiv.org/abs/1204.6296
http://dx.doi.org/10.1007/JHEP10(2013)150},
year = {2012}
}
@article{T2KCollaboration2016,
archivePrefix = {arXiv},
arxivId = {1605.07964},
author = {Abe, K. and others},
doi = {10.1103/PhysRevD.95.012010},
eprint = {1605.07964},
month = {may},
pages = {1--10},
title = {{First Measurement of the Muon Neutrino Charged Current Single Pion Production Cross Section on Water with the T2K Near Detector}},
url = {http://arxiv.org/abs/1605.07964 http://dx.doi.org/10.1103/PhysRevD.95.012010},
year = {2016}
}
@article{DUNECDRvolII,
abstract = {The Physics Program for the Deep Underground Neutrino Experiment (DUNE) at the Fermilab Long-Baseline Neutrino Facility (LBNF) is described.},
archivePrefix = {arXiv},
arxivId = {1512.06148},
author = {{DUNE Collaboration}, DUNE and Acciarri, R. and others},
eprint = {1512.06148},
month = {dec},
title = {{Long-Baseline Neutrino Facility (LBNF) and Deep Underground Neutrino Experiment (DUNE) Conceptual Design Report Volume 2: The Physics Program for DUNE at LBNF}},
url = {http://arxiv.org/abs/1512.06148},
year = {2015}
}
@article{Brown,
author = {Brown, R. W and Hobbs, R. H. and Smith, J. and Stanko, N.},
doi = {10.1103/PhysRevD.6.3273},
issn = {05562821},
journal = {Physical Review D},
number = {11},
pages = {3273--3292},
title = {{Intermediate boson. III. Virtual-boson effects in neutrino trident production}},
url = {https://journals.aps.org/prd/pdf/10.1103/PhysRevD.6.3273},
volume = {6},
year = {1972}
}
@article{Jentschura2009,
archivePrefix = {arXiv},
arxivId = {0908.3853},
author = {Jentschura, U. D. and Serbo, V. G.},
doi = {10.1140/epjc/s10052-009-1147-3},
eprint = {0908.3853},
issn = {14346044},
journal = {European Physical Journal C},
month = {aug},
number = {2},
pages = {309--317},
title = {{Nuclear form factor, validity of the equivalent photon approximation and Coulomb corrections to muon pair production in photon-nucleus and nucleus-nucleus collisions}},
url = {http://arxiv.org/abs/0908.3853 http://dx.doi.org/10.1140/epjc/s10052-009-1147-3},
volume = {64},
year = {2009}
}

@article{Laboratories,
author = {Fujikawa, Kazuo},
doi = {10.1016/0003-4916(71)90244-2},
issn = {1096035X},
journal = {Annals of Physics},
number = {1},
pages = {102--162},
title = {{The self-coupling of weak lepton currents in high-energy neutrino and muon reactions}},
url = {https://ac.els-cdn.com/0003491671902442/1-s2.0-0003491671902442-main.pdf?{\_}tid=08aea662-a908-11e7-9eac-00000aab0f27{\&}acdnat=1507123943{\_}106ce85d9a646a1f45a0a1e14d6eaa1d},
volume = {68},
year = {1971}
}
@article{Ge2017,
archivePrefix = {arXiv},
arxivId = {1702.02617},
author = {Ge, Shao-Feng and Lindner, Manfred and Rodejohann, Werner},
eprint = {1702.02617},
month = {feb},
title = {{New Physics and Atmospheric Neutrino Trident Production with PINGU and ORCA}},
url = {http://arxiv.org/abs/1702.02617},
year = {2017}
}
@article{SBNproposal,
archivePrefix = {arXiv},
arxivId = {1503.01520},
author = {Acciarri, R. and others},
eprint = {1503.01520},
month = {mar},
pages = {209},
title = {{A Proposal for a Three Detector Short-Baseline Neutrino Oscillation Program in the Fermilab Booster Neutrino Beam}},
url = {http://arxiv.org/abs/1503.01520},
year = {2015}
}
@article{Zeller2002,
archivePrefix = {arXiv},
arxivId = {hep-ex/0204007},
author = {Zeller, G P and others},
doi = {10.1142/S0217751X0502121X},
eprint = {0204007},
issn = {0031-9007},
journal = {Physical Review Letters},
number = {9},
pages = {091802},
pmid = {11863995},
primaryClass = {hep-ex},
title = {{Precise determination of electroweak parameters in neutrino-nucleon scattering.}},
url = {https://journals.aps.org/prl/pdf/10.1103/PhysRevLett.88.091802},
volume = {88},
year = {2002}
}

@article{Arcadi2013,
      author         = "Arcadi, Giorgio and Mambrini, Yann and Tytgat, Michel H.
                        G. and Zaldivar, Bryan",
      title          = "{Invisible $Z^\prime$ and dark matter: LHC vs LUX
                        constraints}",
      journal        = "JHEP",
      volume         = "03",
      year           = "2014",
      pages          = "134",
      doi            = "10.1007/JHEP03(2014)134",
      eprint         = "1401.0221",
      archivePrefix  = "arXiv",
      primaryClass   = "hep-ph",
      SLACcitation   = "%%CITATION = ARXIV:1401.0221;%%"
}

@article{Formaggio2013,
      author         = "Formaggio, J. A. and Zeller, G. P.",
      title          = "{From eV to EeV: Neutrino Cross Sections Across Energy
                        Scales}",
      journal        = "Rev. Mod. Phys.",
      volume         = "84",
      year           = "2012",
      pages          = "1307-1341",
      doi            = "10.1103/RevModPhys.84.1307",
      eprint         = "1305.7513",
      archivePrefix  = "arXiv",
      primaryClass   = "hep-ex",
      reportNumber   = "FERMILAB-PUB-12-785-E",
      SLACcitation   = "%%CITATION = ARXIV:1305.7513;%%"
}

@article{Garvey1993,
      author         = "Garvey, G. and Kolbe, E. and Langanke, K. and Krewald,
                        S.",
      title          = "{Role of strange quarks in quasielastic neutrino
                        scattering}",
      journal        = "Phys. Rev.",
      volume         = "C48",
      year           = "1993",
      pages          = "1919-1925",
      doi            = "10.1103/PhysRevC.48.1919",
      SLACcitation   = "%%CITATION = PHRVA,C48,1919;%%"
}

@article{AguilarArevalo2010,
      author         = "Aguilar-Arevalo, A. A. and others",
      title          = "{Measurement of the Neutrino Neutral-Current Elastic
                        Differential Cross Section on Mineral Oil at $E_\nu \sim
                        1$ GeV}",
      collaboration  = "MiniBooNE",
      journal        = "Phys. Rev.",
      volume         = "D82",
      year           = "2010",
      pages          = "092005",
      doi            = "10.1103/PhysRevD.82.092005",
      eprint         = "1007.4730",
      archivePrefix  = "arXiv",
      primaryClass   = "hep-ex",
      reportNumber   = "FERMILAB-PUB-10-250-E",
      SLACcitation   = "%%CITATION = ARXIV:1007.4730;%%"
}


@article{Heeck:2014zfa,
      author         = "Heeck, Julian",
      title          = "{Unbroken B – L symmetry}",
      journal        = "Phys. Lett.",
      volume         = "B739",
      year           = "2014",
      pages          = "256-262",
      doi            = "10.1016/j.physletb.2014.10.067",
      eprint         = "1408.6845",
      archivePrefix  = "arXiv",
      primaryClass   = "hep-ph",
      SLACcitation   = "%%CITATION = ARXIV:1408.6845;%%"
}

@article{Jeong:2015bbi,
      author         = "Jeong, Yu Seon and Kim, C. S. and Lee, Hye-Sung",
      title          = "{Constraints on the $U(1)_L$ gauge boson in a wide mass
                        range}",
      journal        = "Int. J. Mod. Phys.",
      volume         = "A31",
      year           = "2016",
      number         = "11",
      pages          = "1650059",
      doi            = "10.1142/S0217751X16500597",
      eprint         = "1512.03179",
      archivePrefix  = "arXiv",
      primaryClass   = "hep-ph",
      reportNumber   = "CERN-PH-TH-2015-285",
      SLACcitation   = "%%CITATION = ARXIV:1512.03179;%%"
}

@article{Bilmis:2015lja,
      author         = "Bilmis, S. and Turan, I. and Aliev, T. M. and Deniz, M.
                        and Singh, L. and Wong, H. T.",
      title          = "{Constraints on Dark Photon from Neutrino-Electron
                        Scattering Experiments}",
      journal        = "Phys. Rev.",
      volume         = "D92",
      year           = "2015",
      number         = "3",
      pages          = "033009",
      doi            = "10.1103/PhysRevD.92.033009",
      eprint         = "1502.07763",
      archivePrefix  = "arXiv",
      primaryClass   = "hep-ph",
      SLACcitation   = "%%CITATION = ARXIV:1502.07763;%%"
}

@article{Hansl1978,
author = {Hansl, T and others},
title = {{ORIGIN OF TRIMUON EVENTS IN HIGH-ENERGY NEUTRINO INTERACTIONS}},
url = {https://ac.els-cdn.com/0370269378902149/1-s2.0-0370269378902149-main.pdf?{\_}tid=3c14057c-a90a-11e7-a84c-00000aab0f01{\&}acdnat=1507124888{\_}a9ecc99e748bbecba7fbcda3385a213d},
year = {1978}
}
@article{Kayis-Topaksu2004,
author = {Kayis-Topaksu, A and others},
doi = {10.1016/j.physletb.2004.06.081},
issn = {03702693},
journal = {Physics Letters, Section B: Nuclear, Elementary Particle and High-Energy Physics},
number = {1-2},
pages = {44--53},
title = {{Experimental study of trimuon events in neutrino charged-current interactions: CHORUS Collaboration}},
url = {www.elsevier.com/locate/physletb},
volume = {596},
year = {2004}
}
@article{Kayis-Topaksu2004a,
author = {Kayis-Topaksu, A and others},
doi = {10.1016/j.physletb.2004.06.081},
issn = {03702693},
journal = {Physics Letters, Section B: Nuclear, Elementary Particle and High-Energy Physics},
number = {1-2},
pages = {44--53},
title = {{Experimental study of trimuon events in neutrino charged-current interactions: CHORUS Collaboration}},
url = {www.elsevier.com/locate/physletb},
volume = {596},
year = {2004}
}
@article{Smith1979,
author = {Smith, J},
journal = {Nuclear Physics},
number = {451},
title = {{TRILEPTON PRODUCTION BY NEUTRINOS AND ANTINEUTRINOS}},
url = {https://ac.els-cdn.com/0550321379901159/1-s2.0-0550321379901159-main.pdf?{\_}tid=b6e33736-a906-11e7-91d7-00000aab0f6b{\&}acdnat=1507123376{\_}3dccd0a1b0dcda4307b0e4fe0eb96a1e},
volume = {157},
year = {1979}
}
@article{Palladino2016,
author = {Palladino, Anthony},
doi = {10.1016/j.nuclphysbps.2015.09.091},
issn = {24056014},
journal = {Nuclear and Particle Physics Proceedings},
keywords = {Dark Higgs,Dark matter,Dark photon,E+e- collisions,Initial state radiation,Muon anomaly,U boson},
pages = {608--612},
title = {{Searches for Dark Forces with KLOE}},
url = {http://inspirehep.net/record/1467732/files/10.1016{\_}j.nuclphysbps.2015.09.091.pdf},
volume = {273-275},
year = {2016}
}
@article{Flanz2000,
archivePrefix = {arXiv},
arxivId = {hep-ph/9907203},
author = {Flanz, M and Rodejohann, W and Zuber, K},
doi = {10.1007/s100520000422},
eprint = {9907203},
file = {:mt/home/mhostert/.local/share/data/Mendeley Ltd./Mendeley Desktop/Downloaded/Flanz, Rodejohann, Zuber - 2000 - Trimuon production in $\nu$N–scattering as a probe of massive neutrinos.pdf:pdf},
issn = {1434-6044},
journal = {The European Physical Journal C},
keywords = {double beta decay,lepton,massive neutrinos,number violation},
number = {3},
pages = {453--460},
primaryClass = {hep-ph},
title = {{Trimuon production in {\$}\backslashnu{\$} N-scattering as a probe of massive neutrinos}},
url = {https://arxiv.org/pdf/hep-ph/9907203.pdf http://arxiv.org/abs/hep-ph/9907203{\%}0Ahttp://dx.doi.org/10.1007/s100520000422$\backslash$nhttp://www.springerlink.com/index/10.1007/s100520000422$\backslash$nhttp://arxiv.org/abs/hep-ph/9907203$\backslash$nhttp://dx.doi.org/10.1007/s100520000422},
volume = {16},
year = {2000}
}
@article{Benvenuti1977,
author = {Benvenuti, A. and others},
doi = {10.1103/PhysRevLett.38.1110},
issn = {00319007},
journal = {Physical Review Letters},
keywords = {ANTINEUTRINO NUCLEON: INCLUSIVE REACTION,BATAVIA PS,EXPERIMENTAL RESULTS: MAGNETIC SPECTROMETER,FINAL STATE: (3MUON),HEAVY LEPTON: NEUTRINOPRODUCTION,MAGNETIC SPECTROMETER: EXPERIMENTAL RESULTS,NEUTRINO NUCLEON: INCLUSIVE REACTION},
month = {may},
number = {20},
pages = {1110--1113},
title = {{Observation of a new process with trimuon production by high-energy neutrinos}},
url = {https://link.aps.org/doi/10.1103/PhysRevLett.38.1110},
volume = {38},
year = {1977}
}
@article{Barish1977,
author = {Barish, B. C. and Bartlett, J. F. and Bodek, A. and Brown, K. W. and Buchholz, D. and Chu, Y. K. and Sciulli, F. and Siskind, E. and Stutte, L. and Fisk, E. and Krafczyk, G. and Nease, D. and Fackler, O.},
doi = {10.1103/PhysRevLett.38.577},
issn = {0031-9007},
journal = {Physical Review Letters},
keywords = {47: 105 GEV,BACKGROUND,BATAVIA PS,ENERGY DEPENDENCE,EXPERIMENTAL RESULTS: SPARK CHAMBER,FINAL STATE: (3MUON),INTERACTION: NEUTRINO NUCLEON,NEUTRINO NUCLEON: INTERACTION,SPARK CHAMBER: EXPERIMENTAL RESULTS,TRACK DATA ANALYSIS},
month = {mar},
number = {11},
pages = {577--580},
title = {{Observation of Trimuon Production by Neutrinos}},
url = {https://link.aps.org/doi/10.1103/PhysRevLett.38.577},
volume = {38},
year = {1977}
}
@article{SmithCERNGeneva,
author = {{Smith CERN Geneva}, J},
title = {{LATEST R?BULTS ON MULT IMUON PRODUCTION}},
url = {http://inspirehep.net/record/148714/files/Pages{\_}from{\_}C79-03-11--1{\_}631-639.pdf}
}
@article{Smith1978,
author = {Smith, J and Vermaseren, J A M},
number = {9},
title = {{PH YSICAL RE VIE{\%} 0 Electromagnetic backgrounds in neutrino-produced trimuon events}},
url = {https://journals.aps.org/prd/pdf/10.1103/PhysRevD.17.2288},
volume = {17},
year = {1978}
}






@article{Andreopoulos2009,
      author         = "Andreopoulos, C. and others",
      title          = "{The GENIE Neutrino Monte Carlo Generator}",
      journal        = "Nucl. Instrum. Meth.",
      volume         = "A614",
      year           = "2010",
      pages          = "87-104",
      doi            = "10.1016/j.nima.2009.12.009",
      eprint         = "0905.2517",
      archivePrefix  = "arXiv",
      primaryClass   = "hep-ph",
      reportNumber   = "FERMILAB-PUB-09-418-CD",
      SLACcitation   = "%%CITATION = ARXIV:0905.2517;%%"
}


@article{Abe:2011xv,
      author         = "Abe, K. and others",
      title          = "{Measurements of the T2K neutrino beam properties using
                        the INGRID on-axis near detector}",
      journal        = "Nucl. Instrum. Meth.",
      volume         = "A694",
      year           = "2012",
      pages          = "211-223",
      doi            = "10.1016/j.nima.2012.03.023",
      eprint         = "1111.3119",
      archivePrefix  = "arXiv",
      primaryClass   = "physics.ins-det",
      SLACcitation   = "%%CITATION = ARXIV:1111.3119;%%"
}

@article{Abe:2015biq,
      author         = "Abe, K. and others",
      title          = "{Measurement of the muon neutrino inclusive
                        charged-current cross section in the energy range of
                        1–3 GeV with the T2K INGRID detector}",
      collaboration  = "T2K",
      journal        = "Phys. Rev.",
      volume         = "D93",
      year           = "2016",
      number         = "7",
      pages          = "072002",
      doi            = "10.1103/PhysRevD.93.072002",
      eprint         = "1509.06940",
      archivePrefix  = "arXiv",
      primaryClass   = "hep-ex",
      SLACcitation   = "%%CITATION = ARXIV:1509.06940;%%"
}
@article{Gaidaenko:2000hg,
      author         = "Gaidaenko, I. V. and Novikov, V. A. and Vysotsky, M. I.",
      title          = "{On the production of a lepton pair in the collision of
                        ultrarelativistic neutral particle with nonzero magnetic
                        moment with nuclei}",
      journal        = "Phys. Lett.",
      volume         = "B497",
      year           = "2001",
      pages          = "49-54",
      doi            = "10.1016/S0370-2693(00)01305-8",
      eprint         = "hep-ph/0007204",
      archivePrefix  = "arXiv",
      primaryClass   = "hep-ph",
      SLACcitation   = "%%CITATION = HEP-PH/0007204;%%"
}
@article{Abe:2016tez,
      author         = "Abe, Ko and others",
      title          = "{Sensitivity of the T2K accelerator-based neutrino
                        experiment with an Extended run to $20\times10^{21}$ POT}",
      collaboration  = "T2K",
      year           = "2016",
      eprint         = "1607.08004",
      archivePrefix  = "arXiv",
      primaryClass   = "hep-ex",
      SLACcitation   = "%%CITATION = ARXIV:1607.08004;%%"
}



@article{Falkowski:2018dmy,
      author         = "Falkowski, Adam and Grilli di Cortona, Giovanni and
                        Tabrizi, Zahra",
      title          = "{Future DUNE constraints on EFT}",
      journal        = "JHEP",
      volume         = "04",
      year           = "2018",
      pages          = "101",
      doi            = "10.1007/JHEP04(2018)101",
      eprint         = "1802.08296",
      archivePrefix  = "arXiv",
      primaryClass   = "hep-ph",
      reportNumber   = "LPT-Orsay-18-19, LPT-ORSAY-18-19",
      SLACcitation   = "%%CITATION = ARXIV:1802.08296;%%"
}

@inproceedings{Soler:2015ada,
      author         = "Soler, F. J. P.",
      title          = "{nuSTORM: Neutrinos from Stored Muons}",
      booktitle      = "{Proceedings, Topical Research Meeting on Prospects in
                        Neutrino Physics (NuPhys2014): London, UK, December 15-17,
                        2014}",
      year           = "2015",
      eprint         = "1507.08836",
      archivePrefix  = "arXiv",
      primaryClass   = "physics.ins-det",
      SLACcitation   = "%%CITATION = ARXIV:1507.08836;%%"
}

@article{nuSTORM2017,
  author={D. Adey and R.B. Appleby and R. Bayes and A. Bogacz and A.D. Bross and J.-B. Lagrange and A. Liu and D. Neuffer and J. Pasternak and S.
Tygier},
  title={Overview of the Neutrinos from Stored Muons Facility - nuSTORM},
  journal={Journal of Instrumentation},
  volume={12},
  number={07},
  pages={P07020},
  url={http://stacks.iop.org/1748-0221/12/i=07/a=P07020},
  year={2017}}
  
  @phdthesis{AlpernBoehm,
      author         = "Alpern Boehm, Joshua Adam",
      title          = "{A Measurement of Electron Neutrino Appearance with the MINOS Experiment}",
      school         = "Harvard University",
      url            = "http://lppc.physics.harvard.edu/files/lppc/files/boehm_1sided-2_01.pdf",
      year           = "2009"
}
@article{Albright:1978mg,
      author         = "Albright, Carl H. and Smith, J. and Vermaseren, J. A. M.",
      title          = "{A Comparison of Trimuon Production Mechanisms}",
      journal        = "Phys. Rev.",
      volume         = "D18",
      year           = "1978",
      pages          = "108",
      doi            = "10.1103/PhysRevD.18.108",
      reportNumber   = "ITP-SB-77-063, FERMILAB-PUB-78-014-T,
                        FERMILAB-PUB-78-014-THY",
      SLACcitation   = "%%CITATION = PHRVA,D18,108;%%"
}
@article{Koike:1971tu,
      author         = "Koike, K. and Konuma, M. and Kurata, K. and Sugano, K.",
      title          = "{Neutrino production of lepton pairs. 1. -}",
      journal        = "Prog. Theor. Phys.",
      volume         = "46",
      year           = "1971",
      pages          = "1150-1169",
      doi            = "10.1143/PTP.46.1150",
      SLACcitation   = "%%CITATION = PTPKA,46,1150;%%"
}
@unpublished{WeberTalk,
     title = "{ND(s) for DUNE}",
     url = "https://indico.fnal.gov/event/14582/session/0/contribution/6/material/slides/1.pdf",
     year = "2018",
     month = may,
     author = {Weber, Alfons},
     note = "DUNE Collaboration Meeting
FNAL",
}
@unpublished{Aurisano,
  author       = {Aurisano, Adam},
  title        = "{Recent Results from MINOS and MINOS+}",
  month        = jun,
  year         = 2018,
  note          = {10.5281/zenodo.1286760},
  url          = {https://doi.org/10.5281/zenodo.1286760}
}

@unpublished{fluxes:nonLAr,
author = {Loiacono,Laura},
title = "{Neutrino Flux Simulations with an Evacuated and Helium Gas Filled Decay Pipe
}",
  url            = "http://minos-docdb.fnal.gov/cgi-bin/RetrieveFile?docid=3543&filename=HeliumFlux_4.ps&version=4",
      year           = "2007",
      note = "MINOS-doc-3543"
}

@phdthesis{Wang:Biao,
      author         = "Wang, Biao",
      title          = "{Muon-Neutrino Electron Elastic Scattering and a Search for the Muon-Neutrino Magnetic Moment in the NOvA Near Detector}",
      school         = "Southern Methodist University",
      url            = "https://scholar.smu.edu/hum_sci_physics_etds/1/?utm_source=scholar.smu.edu%2Fhum_sci_physics_etds%2F1&utm_medium=PDF&utm_campaign=PDFCoverPages",
      year           = "2017"
}

@unpublished{DUNE:flux,
  collaboration = {DUNE},
  title = "{2016 DUNE fluxes}",
  note = "\url{http://home.fnal.gov/~ljf26/DUNEFluxes/}",
  year = "2016"
}

@Unpublished{DUNE:exposure,
collaboration = {DUNE},
author = {Papadimitriou, V.},
title = "{Design of the LBNF Beamline}",
  url            = "http://accelconf.web.cern.ch/AccelConf/ipac2016/papers/tupmr025.pdf",
      year           = "2016"
}

@article{Gribov:1962fs,
      author         = "Gribov, V. N. and Shekhter, V. M. and Kolkunov, V. A. and
                        Okun, L. B.",
      title          = "{Covariant derivation of the Weizsacker-Williams
                        formula}",
      journal        = "Sov. Phys. JETP",
      volume         = "14",
      year           = "1962",
      pages          = "1308",
      note           = "[Zh. Eksp. Teor. Fiz.41,1839(1962)]",
      SLACcitation   = "%%CITATION = SPHJA,14,1308;%%"
}
@article{Adey:2014rfv,
      author         = "Adey, D. and others",
      title          = "{Light sterile neutrino sensitivity at the nuSTORM
                        facility}",
      collaboration  = "$\nu$STORM",
      journal        = "Phys. Rev.",
      volume         = "D89",
      year           = "2014",
      number         = "7",
      pages          = "071301",
      doi            = "10.1103/PhysRevD.89.071301",
      eprint         = "1402.5250",
      archivePrefix  = "arXiv",
      primaryClass   = "hep-ex",
      reportNumber   = "FERMILAB-PUB-14-043-APC-PPD",
      SLACcitation   = "%%CITATION = ARXIV:1402.5250;%%"
}