@article{Grimus:2002nk,
      author         = "Grimus, Walter and Lavoura, Luis",
      title          = "{One-loop corrections to the seesaw mechanism in the
                        multi-Higgs-doublet standard model}",
      journal        = "Phys. Lett.",
      volume         = "B546",
      year           = "2002",
      pages          = "86-95",
      doi            = "10.1016/S0370-2693(02)02672-2",
      eprint         = "hep-ph/0207229",
      archivePrefix  = "arXiv",
      primaryClass   = "hep-ph",
      reportNumber   = "UWTHPH-2002-21",
      SLACcitation   = "%%CITATION = HEP-PH/0207229;%%"
}
@article{AristizabalSierra:2011mn,
      author         = "Aristizabal Sierra, D. and Yaguna, Carlos E.",
      title          = "{On the importance of the 1-loop finite corrections to
                        seesaw neutrino masses}",
      journal        = "JHEP",
      volume         = "08",
      year           = "2011",
      pages          = "013",
      doi            = "10.1007/JHEP08(2011)013",
      eprint         = "1106.3587",
      archivePrefix  = "arXiv",
      primaryClass   = "hep-ph",
      SLACcitation   = "%%CITATION = ARXIV:1106.3587;%%"
}
@article{Kniehl:1996bd,
      author         = "Kniehl, Bernd A. and Pilaftsis, Apostolos",
      title          = "{Mixing renormalization in Majorana neutrino theories}",
      journal        = "Nucl. Phys.",
      volume         = "B474",
      year           = "1996",
      pages          = "286-308",
      doi            = "10.1016/0550-3213(96)00280-5",
      eprint         = "hep-ph/9601390",
      archivePrefix  = "arXiv",
      primaryClass   = "hep-ph",
      reportNumber   = "RAL-TR-96-002, MPI-PHT-96-005",
      SLACcitation   = "%%CITATION = HEP-PH/9601390;%%"
}