@article{PhysRevD.43.2765,
  title = {${\ensuremath{\mu}}^{\ensuremath{-}}{e}^{+}$ dilepton production in charged-current ${\ensuremath{\nu}}_{\ensuremath{\mu}}$ interactions},
  author = {Baker, N. J. and Kahn, S. A. and Murtagh, M. J. and Samios, N. P. and Tanaka, M. and Baltay, C. and Hyatt, E. R. and Manly, S. and Steiner, R. and Jacques, P. F. and Kalelkar, M. and Plano, R. J. and Stamer, P. E.},
  journal = {Phys. Rev. D},
  volume = {43},
  issue = {9},
  pages = {2765--2777},
  numpages = {0},
  year = {1991},
  month = {May},
  publisher = {American Physical Society},
  doi = {10.1103/PhysRevD.43.2765},
  url = {https://link.aps.org/doi/10.1103/PhysRevD.43.2765}
}
@article{Astier:2000us,
      author         = "Astier, P. and others",
      title          = "{Neutrino production of opposite sign dimuons in the
                        NOMAD experiment}",
      collaboration  = "NOMAD",
      journal        = "Phys. Lett.",
      volume         = "B486",
      year           = "2000",
      pages          = "35-48",
      doi            = "10.1016/S0370-2693(00)00612-2",
      reportNumber   = "CERN-EP-2000-072",
      SLACcitation   = "%%CITATION = PHLTA,B486,35;%%"
}
@article{Goncharov:2001qe,
      author         = "Goncharov, M. and others",
      title          = "{Precise Measurement of Dimuon Production Cross-Sections
                        in $\nu_{\mu}$ Fe and $\bar{\nu}_{\mu}$ Fe Deep Inelastic
                        Scattering at the Tevatron.}",
      collaboration  = "NuTeV",
      journal        = "Phys. Rev.",
      volume         = "D64",
      year           = "2001",
      pages          = "112006",
      doi            = "10.1103/PhysRevD.64.112006",
      eprint         = "hep-ex/0102049",
      archivePrefix  = "arXiv",
      primaryClass   = "hep-ex",
      reportNumber   = "FERMILAB-PUB-01-034-E",
      SLACcitation   = "%%CITATION = HEP-EX/0102049;%%"
}
@article{Andreopoulos2009,
      author         = "Andreopoulos, C. and others",
      title          = "{The GENIE Neutrino Monte Carlo Generator}",
      journal        = "Nucl. Instrum. Meth.",
      volume         = "A614",
      year           = "2010",
      pages          = "87-104",
      doi            = "10.1016/j.nima.2009.12.009",
      eprint         = "0905.2517",
      archivePrefix  = "arXiv",
      primaryClass   = "hep-ph",
      reportNumber   = "FERMILAB-PUB-09-418-CD",
      SLACcitation   = "%%CITATION = ARXIV:0905.2517;%%"
}
@article{Acciarri:2015ncl,
      author         = "Acciarri, R. and others",
      title          = "{Measurement of $\nu_{\mu}$ and $\bar{\nu}_{\mu}$ neutral
                        current $\pi^{0} \rightarrow \gamma\gamma$ production in
                        the ArgoNeuT detector}",
      collaboration  = "ArgoNeuT",
      journal        = "Phys. Rev.",
      volume         = "D96",
      year           = "2017",
      number         = "1",
      pages          = "012006",
      doi            = "10.1103/PhysRevD.96.012006",
      eprint         = "1511.00941",
      archivePrefix  = "arXiv",
      primaryClass   = "hep-ex",
      reportNumber   = "FERMILAB-PUB-15-479-ND",
      SLACcitation   = "%%CITATION = ARXIV:1511.00941;%%"
}
@article{Mislivec:2017qfz,
      author         = "Mislivec, A. and others",
      title          = "{Measurement of total and differential cross sections of
                        neutrino and antineutrino coherent $\pi^\pm$ production on
                        carbon}",
      collaboration  = "MINERvA",
      journal        = "Phys. Rev.",
      volume         = "D97",
      year           = "2018",
      number         = "3",
      pages          = "032014",
      doi            = "10.1103/PhysRevD.97.032014",
      eprint         = "1711.01178",
      archivePrefix  = "arXiv",
      primaryClass   = "hep-ex",
      reportNumber   = "FERMILAB-PUB-17-504-E",
      SLACcitation   = "%%CITATION = ARXIV:1711.01178;%%"
}
@article{Higuera:2014azj,
      author         = "Higuera, A. and others",
      title          = "{Measurement of Coherent Production of $\pi^\pm$ in
                        Neutrino and Antineutrino Beams on Carbon from $E_\nu$ of
                        $1.5$ to $20$ GeV}",
      collaboration  = "MINERvA",
      journal        = "Phys. Rev. Lett.",
      volume         = "113",
      year           = "2014",
      number         = "26",
      pages          = "261802",
      doi            = "10.1103/PhysRevLett.113.261802",
      eprint         = "1409.3835",
      archivePrefix  = "arXiv",
      primaryClass   = "hep-ex",
      reportNumber   = "FERMILAB-PUB-14-331-E",
      SLACcitation   = "%%CITATION = ARXIV:1409.3835;%%"
}
@article{Acciarri:2014eit,
      author         = "Acciarri, R. and others",
      title          = "{First Measurement of Neutrino and Antineutrino Coherent
                        Charged Pion Production on Argon}",
      collaboration  = "ArgoNeuT",
      journal        = "Phys. Rev. Lett.",
      volume         = "113",
      year           = "2014",
      number         = "26",
      pages          = "261801",
      doi            = "10.1103/PhysRevLett.113.261801,
                        10.1103/PhysRevLett.114.039901",
      note           = "[erratum: Phys. Rev. Lett.114,no.3,039901(2015)]",
      eprint         = "1408.0598",
      archivePrefix  = "arXiv",
      primaryClass   = "hep-ex",
      reportNumber   = "FERMILAB-PUB-14-258-E",
      SLACcitation   = "%%CITATION = ARXIV:1408.0598;%%"
}
@article{Adams:1999mn,
      author         = "Adams, T. and others",
      title          = "{Evidence for diffractive charm production in
                        muon-neutrino Fe and anti-muon-neutrino Fe scattering at
                        the Tevatron}",
      collaboration  = "NuTeV",
      journal        = "Phys. Rev.",
      volume         = "D61",
      year           = "2000",
      pages          = "092001",
      doi            = "10.1103/PhysRevD.61.092001",
      eprint         = "hep-ex/9909041",
      archivePrefix  = "arXiv",
      primaryClass   = "hep-ex",
      reportNumber   = "FERMILAB-PUB-99-269-E",
      SLACcitation   = "%%CITATION = HEP-EX/9909041;%%"
}
@article{Lees:2017lec,
      author         = "Lees, J. P. and others",
      title          = "{Search for Invisible Decays of a Dark Photon Produced in
                        ${e}^{+}{e}^{-}$ Collisions at BaBar}",
      collaboration  = "BaBar",
      journal        = "Phys. Rev. Lett.",
      volume         = "119",
      year           = "2017",
      number         = "13",
      pages          = "131804",
      doi            = "10.1103/PhysRevLett.119.131804",
      eprint         = "1702.03327",
      archivePrefix  = "arXiv",
      primaryClass   = "hep-ex",
      reportNumber   = "BABAR-PUB-17-001, SLAC-PUB-16923",
      SLACcitation   = "%%CITATION = ARXIV:1702.03327;%%"
}
@article{Lees:2014xha,
      author         = "Lees, J. P. and others",
      title          = "{Search for a Dark Photon in $e^+e^-$ Collisions at
                        BaBar}",
      collaboration  = "BaBar",
      journal        = "Phys. Rev. Lett.",
      volume         = "113",
      year           = "2014",
      number         = "20",
      pages          = "201801",
      doi            = "10.1103/PhysRevLett.113.201801",
      eprint         = "1406.2980",
      archivePrefix  = "arXiv",
      primaryClass   = "hep-ex",
      reportNumber   = "BABAR-PUB-14-002, SLAC-PUB-15979",
      SLACcitation   = "%%CITATION = ARXIV:1406.2980;%%"
}
@article{Wise:2018rnb,
      author         = "Wise, Mark B. and Zhang, Yue",
      title          = "{Lepton Flavorful Fifth Force and Depth-dependent
                        Neutrino Matter Interactions}",
      journal        = "JHEP",
      volume         = "06",
      year           = "2018",
      pages          = "053",
      doi            = "10.1007/JHEP06(2018)053",
      eprint         = "1803.00591",
      archivePrefix  = "arXiv",
      primaryClass   = "hep-ph",
      reportNumber   = "CALT-TH-2018-012, FERMILAB-PUB-18-055-T, NUHEP-TH-18-04",
      SLACcitation   = "%%CITATION = ARXIV:1803.00591;%%"
}
@article{Conrad:1997ne,
      author         = "Conrad, Janet M. and Shaevitz, Michael H. and Bolton,
                        Tim",
      title          = "{Precision measurements with high-energy neutrino beams}",
      journal        = "Rev. Mod. Phys.",
      volume         = "70",
      year           = "1998",
      pages          = "1341-1392",
      doi            = "10.1103/RevModPhys.70.1341",
      eprint         = "hep-ex/9707015",
      archivePrefix  = "arXiv",
      primaryClass   = "hep-ex",
      reportNumber   = "KSU-HEP-97-03",
      SLACcitation   = "%%CITATION = HEP-EX/9707015;%%"
}
@article{Barger:1982bj,
      author         = "Barger, Vernon D. and Ma, Ernest and Whisnant, K.",
      title          = "{General Analysis of a Possible Second Weak Neutral
                        Current in Gauge Models}",
      journal        = "Phys. Rev.",
      volume         = "D26",
      year           = "1982",
      pages          = "2378",
      doi            = "10.1103/PhysRevD.26.2378",
      reportNumber   = "UH-511-470-82",
      SLACcitation   = "%%CITATION = PHRVA,D26,2378;%%"
}
@article{Barr:1986hj,
      author         = "Barr, Stephen M. and Bednarz, B. and Benesh, C.",
      title          = "{Anomaly Constraints and New U(1) Gauge Bosons}",
      journal        = "Phys. Rev.",
      volume         = "D34",
      year           = "1986",
      pages          = "235",
      doi            = "10.1103/PhysRevD.34.235",
      reportNumber   = "BNL-37628",
      SLACcitation   = "%%CITATION = PHRVA,D34,235;%%"
}
@article{He:1991qd,
      author         = "He, Xiao-Gang and Joshi, Girish C. and Lew, H. and
                        Volkas, R. R.",
      title          = "{Simplest Z-prime model}",
      journal        = "Phys. Rev.",
      volume         = "D44",
      year           = "1991",
      pages          = "2118-2132",
      doi            = "10.1103/PhysRevD.44.2118",
      reportNumber   = "CERN-TH-6084-91, UM-P-91-32, OZ-91-07",
      SLACcitation   = "%%CITATION = PHRVA,D44,2118;%%"
}
@article{He:1990pn,
      author         = "He, X. G. and Joshi, Girish C. and Lew, H. and Volkas, R.
                        R.",
      title          = "{NEW Z-prime PHENOMENOLOGY}",
      journal        = "Phys. Rev.",
      volume         = "D43",
      year           = "1991",
      pages          = "22-24",
      doi            = "10.1103/PhysRevD.43.R22",
      reportNumber   = "UM-P-90/42, OZ-P-90/16",
      SLACcitation   = "%%CITATION = PHRVA,D43,22;%%"
}
@article{Bodek:2012uu,
      author         = "Bodek, A. and Sarica, U. and Naples, D. and Ren, L.",
      title          = "{Methods to Determine Neutrino Flux at Low
                        Energies:Investigation of the Low $\nu$ Method}",
      journal        = "Eur. Phys. J.",
      volume         = "C72",
      year           = "2012",
      pages          = "1973",
      doi            = "10.1140/epjc/s10052-012-1973-6",
      eprint         = "1201.3025",
      archivePrefix  = "arXiv",
      primaryClass   = "hep-ex",
      SLACcitation   = "%%CITATION = ARXIV:1201.3025;%%"
}
@article{Michael:2008bc,
      author         = "Michael, D. G. and others",
      title          = "{The Magnetized steel and scintillator calorimeters of
                        the MINOS experiment}",
      collaboration  = "MINOS",
      journal        = "Nucl. Instrum. Meth.",
      volume         = "A596",
      year           = "2008",
      pages          = "190-228",
      doi            = "10.1016/j.nima.2008.08.003",
      eprint         = "0805.3170",
      archivePrefix  = "arXiv",
      primaryClass   = "physics.ins-det",
      reportNumber   = "FERMILAB-PUB-08-126",
      SLACcitation   = "%%CITATION = ARXIV:0805.3170;%%"
}
@article{Chen:2014dsa,
      author         = "Chen, Jiunn-Wei and Chi, Hsin-Chang and Li, Hau-Bin and
                        Liu, C. -P. and Singh, Lakhwinder and Wong, Henry T. and
                        Wu, Chih-Liang and Wu, Chih-Pan",
      title          = "{Constraints on millicharged neutrinos via analysis of
                        data from atomic ionizations with germanium detectors at
                        sub-keV sensitivities}",
      journal        = "Phys. Rev.",
      volume         = "D90",
      year           = "2014",
      number         = "1",
      pages          = "011301",
      doi            = "10.1103/PhysRevD.90.011301",
      eprint         = "1405.7168",
      archivePrefix  = "arXiv",
      primaryClass   = "hep-ph",
      SLACcitation   = "%%CITATION = ARXIV:1405.7168;%%"
}
@article{Wong:2006nx,
      author         = "Wong, H. T. and others",
      title          = "{A Search of Neutrino Magnetic Moments with a High-Purity
                        Germanium Detector at the Kuo-Sheng Nuclear Power
                        Station}",
      collaboration  = "TEXONO",
      journal        = "Phys. Rev.",
      volume         = "D75",
      year           = "2007",
      pages          = "012001",
      doi            = "10.1103/PhysRevD.75.012001",
      eprint         = "hep-ex/0605006",
      archivePrefix  = "arXiv",
      primaryClass   = "hep-ex",
      reportNumber   = "AS-TEXONO-06-03",
      SLACcitation   = "%%CITATION = HEP-EX/0605006;%%"
}
@article{Bellini:2011rx,
      author         = "Bellini, G. and others",
      title          = "{Precision measurement of the 7Be solar neutrino
                        interaction rate in Borexino}",
      journal        = "Phys. Rev. Lett.",
      volume         = "107",
      year           = "2011",
      pages          = "141302",
      doi            = "10.1103/PhysRevLett.107.141302",
      eprint         = "1104.1816",
      archivePrefix  = "arXiv",
      primaryClass   = "hep-ex",
      SLACcitation   = "%%CITATION = ARXIV:1104.1816;%%"
}
@article{Deniz:2009mu,
      author         = "Deniz, M. and others",
      title          = "{Measurement of Nu(e)-bar -Electron Scattering
                        Cross-Section with a CsI(Tl) Scintillating Crystal Array
                        at the Kuo-Sheng Nuclear Power Reactor}",
      collaboration  = "TEXONO",
      journal        = "Phys. Rev.",
      volume         = "D81",
      year           = "2010",
      pages          = "072001",
      doi            = "10.1103/PhysRevD.81.072001",
      eprint         = "0911.1597",
      archivePrefix  = "arXiv",
      primaryClass   = "hep-ex",
      reportNumber   = "AS-TEXONO-09-04",
      SLACcitation   = "%%CITATION = ARXIV:0911.1597;%%"
}
@article{Vilain:1994qy,
      author         = "Vilain, P. and others",
      title          = "{Precision measurement of electroweak parameters from the
                        scattering of muon-neutrinos on electrons}",
      collaboration  = "CHARM-II",
      journal        = "Phys. Lett.",
      volume         = "B335",
      year           = "1994",
      pages          = "246-252",
      doi            = "10.1016/0370-2693(94)91421-4",
      reportNumber   = "CERN-PPE-94-124",
      SLACcitation   = "%%CITATION = PHLTA,B335,246;%%"
}
@article{Abramov:2001nr,
      author         = "Abramov, A. G. and Galyaev, N. A. and Garkusha, V. I. and
                        Hylen, J. and Novoskoltsev, F. N. and Ryabov, A. D. and
                        Zarucheisky, V. G.",
      title          = "{Beam optics and target conceptual designs for the NuMI
                        project}",
      journal        = "Nucl. Instrum. Meth.",
      volume         = "A485",
      year           = "2002",
      pages          = "209-227",
      doi            = "10.1016/S0168-9002(01)02112-X",
      reportNumber   = "IHEP-2001-2",
      SLACcitation   = "%%CITATION = NUIMA,A485,209;%%"
}
@article{Aliaga:2013uqz,
      author         = "Aliaga, L. and others",
      title          = "{Design, Calibration, and Performance of the MINERvA
                        Detector}",
      collaboration  = "MINERvA",
      journal        = "Nucl. Instrum. Meth.",
      volume         = "A743",
      year           = "2014",
      pages          = "130-159",
      doi            = "10.1016/j.nima.2013.12.053",
      eprint         = "1305.5199",
      archivePrefix  = "arXiv",
      primaryClass   = "physics.ins-det",
      reportNumber   = "FERMILAB-PUB-13-111-E",
      SLACcitation   = "%%CITATION = ARXIV:1305.5199;%%"
}
@article{Heeck:2011wj,
      author         = "Heeck, Julian and Rodejohann, Werner",
      title          = "{Gauged $L_\mu - L_\tau$ Symmetry at the Electroweak Scale}",
      journal        = "Phys. Rev.",
      volume         = "D84",
      year           = "2011",
      pages          = "075007",
      doi            = "10.1103/PhysRevD.84.075007",
      eprint         = "1107.5238",
      archivePrefix  = "arXiv",
      primaryClass   = "hep-ph",
      SLACcitation   = "%%CITATION = ARXIV:1107.5238;%%"
}
@inproceedings{Alexander:2016aln,
      author         = "Alexander, Jim and others",
      title          = "{Dark Sectors 2016 Workshop: Community Report}",
      url            = "http://lss.fnal.gov/archive/2016/conf/fermilab-conf-16-421.pdf",
      year           = "2016",
      eprint         = "1608.08632",
      archivePrefix  = "arXiv",
      primaryClass   = "hep-ph",
      reportNumber   = "FERMILAB-CONF-16-421",
      SLACcitation   = "%%CITATION = ARXIV:1608.08632;%%"
}
@article{Holdom:1985ag,
      author         = "Holdom, Bob",
      title          = "{Two U(1)'s and Epsilon Charge Shifts}",
      journal        = "Phys. Lett.",
      volume         = "166B",
      year           = "1986",
      pages          = "196-198",
      doi            = "10.1016/0370-2693(86)91377-8",
      reportNumber   = "UTPT-85-30",
      SLACcitation   = "%%CITATION = PHLTA,166B,196;%%"
}
@article{Acciarri:2016crz,
      author         = "Acciarri, R. and others",
      title          = "{Long-Baseline Neutrino Facility (LBNF) and Deep
                        Underground Neutrino Experiment (DUNE)}",
      collaboration  = "DUNE",
      year           = "2016",
      eprint         = "1601.05471",
      archivePrefix  = "arXiv",
      primaryClass   = "physics.ins-det",
      reportNumber   = "FERMILAB-DESIGN-2016-01",
      SLACcitation   = "%%CITATION = ARXIV:1601.05471;%%"
}
@unpublished{Manly:2018,
  author       = {Steven, Manly},
  title        = "{Status of DUNE Near Detector}",
  month        = oct,
  year         = 2018,
  note         = "{NuInt 18}",
  url          = {https://indico.cern.ch/event/703880/contributions/3157149/}
}
@unpublished{Roeck:2018,
  author       = {Albert, De Roeck},
  title        = "{The DUNE Near Detector}",
  month        = aug,
  year         = 2018,
  note         = "{NuFact 18}",
  url          = {https://indico.cern.ch/event/703880/contributions/3157149/}
}
@article{Ellis:2017nrp,
      author         = "Ellis, John and Fairbairn, Malcolm and Tunney, Patrick",
      title          = "{Anomaly-Free Models for Flavour Anomalies}",
      journal        = "Eur. Phys. J.",
      volume         = "C78",
      year           = "2018",
      number         = "3",
      pages          = "238",
      doi            = "10.1140/epjc/s10052-018-5725-0",
      eprint         = "1705.03447",
      archivePrefix  = "arXiv",
      primaryClass   = "hep-ph",
      reportNumber   = "CERN-TH-2017-101",
      SLACcitation   = "%%CITATION = ARXIV:1705.03447;%%"
}
@article{Duda:2006uk,
      author         = "Duda, Gintaras and Kemper, Ann and Gondolo, Paolo",
      title          = "{Model Independent Form Factors for Spin Independent
                        Neutralino-Nucleon Scattering from Elastic Electron
                        Scattering Data}",
      journal        = "JCAP",
      volume         = "0704",
      year           = "2007",
      pages          = "012",
      doi            = "10.1088/1475-7516/2007/04/012",
      eprint         = "hep-ph/0608035",
      archivePrefix  = "arXiv",
      primaryClass   = "hep-ph",
      SLACcitation   = "%%CITATION = HEP-PH/0608035;%%"
}
@article{Dror:2017nsg,
      author         = "Dror, Jeff A. and Lasenby, Robert and Pospelov, Maxim",
      title          = "{Dark forces coupled to nonconserved currents}",
      journal        = "Phys. Rev.",
      volume         = "D96",
      year           = "2017",
      number         = "7",
      pages          = "075036",
      doi            = "10.1103/PhysRevD.96.075036",
      eprint         = "1707.01503",
      archivePrefix  = "arXiv",
      primaryClass   = "hep-ph",
      SLACcitation   = "%%CITATION = ARXIV:1707.01503;%%"
}
@article{Dror:2017ehi,
      author         = "Dror, Jeff A. and Lasenby, Robert and Pospelov, Maxim",
      title          = "{New constraints on light vectors coupled to anomalous
                        currents}",
      journal        = "Phys. Rev. Lett.",
      volume         = "119",
      year           = "2017",
      number         = "14",
      pages          = "141803",
      doi            = "10.1103/PhysRevLett.119.141803",
      eprint         = "1705.06726",
      archivePrefix  = "arXiv",
      primaryClass   = "hep-ph",
      SLACcitation   = "%%CITATION = ARXIV:1705.06726;%%"
}

@article{Batra:2005rh,
      author         = "Batra, Puneet and Dobrescu, Bogdan A. and Spivak, David",
      title          = "{Anomaly-free sets of fermions}",
      journal        = "J. Math. Phys.",
      volume         = "47",
      year           = "2006",
      pages          = "082301",
      doi            = "10.1063/1.2222081",
      eprint         = "hep-ph/0510181",
      archivePrefix  = "arXiv",
      primaryClass   = "hep-ph",
      reportNumber   = "ANL-HEP-PR-05-106, FERMILAB-PUB-05-451-T",
      SLACcitation   = "%%CITATION = HEP-PH/0510181;%%"
}

@article{Ismail:2016tod,
      author         = "Ismail, Ahmed and Keung, Wai-Yee and Tsao, Kuo-Hsing and
                        Unwin, James",
      title          = "{Axial vector $Z^\prime$ and anomaly cancellation}",
      journal        = "Nucl. Phys.",
      volume         = "B918",
      year           = "2017",
      pages          = "220-244",
      doi            = "10.1016/j.nuclphysb.2017.03.001",
      eprint         = "1609.02188",
      archivePrefix  = "arXiv",
      primaryClass   = "hep-ph",
      reportNumber   = "PITT-PACC-1607",
      SLACcitation   = "%%CITATION = ARXIV:1609.02188;%%"
}

@article{Aguilar-Arevalo:2013dva,
      author         = "Aguilar-Arevalo, A. A. and others",
      title          = "{First measurement of the muon antineutrino
                        double-differential charged-current quasielastic cross
                        section}",
      collaboration  = "MiniBooNE",
      journal        = "Phys. Rev.",
      volume         = "D88",
      year           = "2013",
      number         = "3",
      pages          = "032001",
      doi            = "10.1103/PhysRevD.88.032001",
      eprint         = "1301.7067",
      archivePrefix  = "arXiv",
      primaryClass   = "hep-ex",
      reportNumber   = "FERMILAB-PUB-13-017-E",
      SLACcitation   = "%%CITATION = ARXIV:1301.7067;%%"
}
@article{Adamson:2009ju,
      author         = "Adamson, P. and others",
      title          = "{Neutrino and Antineutrino Inclusive Charged-current
                        Cross Section Measurements with the MINOS Near Detector}",
      collaboration  = "MINOS",
      journal        = "Phys. Rev.",
      volume         = "D81",
      year           = "2010",
      pages          = "072002",
      doi            = "10.1103/PhysRevD.81.072002",
      eprint         = "0910.2201",
      archivePrefix  = "arXiv",
      primaryClass   = "hep-ex",
      reportNumber   = "FERMILAB-PUB-09-468-E",
      SLACcitation   = "%%CITATION = ARXIV:0910.2201;%%"
}
@article{Abe:2015biq,
      author         = "Abe, K. and others",
      title          = "{Measurement of the muon neutrino inclusive
                        charged-current cross section in the energy range of
                        1–3 GeV with the T2K INGRID detector}",
      collaboration  = "T2K",
      journal        = "Phys. Rev.",
      volume         = "D93",
      year           = "2016",
      number         = "7",
      pages          = "072002",
      doi            = "10.1103/PhysRevD.93.072002",
      eprint         = "1509.06940",
      archivePrefix  = "arXiv",
      primaryClass   = "hep-ex",
      SLACcitation   = "%%CITATION = ARXIV:1509.06940;%%"
}
@article{Ren:2017xov,
      author         = "Ren, L. and others",
      title          = "{Measurement of the antineutrino to neutrino
                        charged-current interaction cross section ratio in
                        MINERvA}",
      collaboration  = "MINERvA",
      journal        = "Phys. Rev.",
      volume         = "D95",
      year           = "2017",
      number         = "7",
      pages          = "072009",
      doi            = "10.1103/PhysRevD.97.019902, 10.1103/PhysRevD.95.072009",
      note           = "[Addendum: Phys. Rev.D97,no.1,019902(2018)]",
      eprint         = "1701.04857",
      archivePrefix  = "arXiv",
      primaryClass   = "hep-ex",
      reportNumber   = "FERMILAB-PUB-16-595-ND",
      SLACcitation   = "%%CITATION = ARXIV:1701.04857;%%"
}
@article{Kamada:2015era,
      author         = "Kamada, Ayuki and Yu, Hai-Bo",
      title          = "{Coherent Propagation of PeV Neutrinos and the Dip in the
                        Neutrino Spectrum at IceCube}",
      journal        = "Phys. Rev.",
      volume         = "D92",
      year           = "2015",
      number         = "11",
      pages          = "113004",
      doi            = "10.1103/PhysRevD.92.113004",
      eprint         = "1504.00711",
      archivePrefix  = "arXiv",
      primaryClass   = "hep-ph",
      SLACcitation   = "%%CITATION = ARXIV:1504.00711;%%"
}
@article{Araki:2015mya,
      author         = "Araki, Takeshi and Kaneko, Fumihiro and Ota, Toshihiko
                        and Sato, Joe and Shimomura, Takashi",
      title          = "{MeV scale leptonic force for cosmic neutrino spectrum
                        and muon anomalous magnetic moment}",
      journal        = "Phys. Rev.",
      volume         = "D93",
      year           = "2016",
      number         = "1",
      pages          = "013014",
      doi            = "10.1103/PhysRevD.93.013014",
      eprint         = "1508.07471",
      archivePrefix  = "arXiv",
      primaryClass   = "hep-ph",
      reportNumber   = "UME-PP-002, STUPP-15-223",
      SLACcitation   = "%%CITATION = ARXIV:1508.07471;%%"
}
@article{Baek:2001kca,
      author         = "Baek, Seungwon and Deshpande, N. G. and He, X. G. and Ko,
                        P.",
      title          = "{Muon anomalous g-2 and gauged L(muon) - L(tau) models}",
      journal        = "Phys. Rev.",
      volume         = "D64",
      year           = "2001",
      pages          = "055006",
      doi            = "10.1103/PhysRevD.64.055006",
      eprint         = "hep-ph/0104141",
      archivePrefix  = "arXiv",
      primaryClass   = "hep-ph",
      reportNumber   = "KAIST-TH-2001-08",
      SLACcitation   = "%%CITATION = HEP-PH/0104141;%%"
}
@article{Pospelov:2008zw,
      author         = "Pospelov, Maxim",
      title          = "{Secluded U(1) below the weak scale}",
      journal        = "Phys. Rev.",
      volume         = "D80",
      year           = "2009",
      pages          = "095002",
      doi            = "10.1103/PhysRevD.80.095002",
      eprint         = "0811.1030",
      archivePrefix  = "arXiv",
      primaryClass   = "hep-ph",
      SLACcitation   = "%%CITATION = ARXIV:0811.1030;%%"
}
@article{Bennett:2006fi,
      author         = "Bennett, G. W. and others",
      title          = "{Final Report of the Muon E821 Anomalous Magnetic Moment
                        Measurement at BNL}",
      collaboration  = "Muon g-2",
      journal        = "Phys. Rev.",
      volume         = "D73",
      year           = "2006",
      pages          = "072003",
      doi            = "10.1103/PhysRevD.73.072003",
      eprint         = "hep-ex/0602035",
      archivePrefix  = "arXiv",
      primaryClass   = "hep-ex",
      SLACcitation   = "%%CITATION = HEP-EX/0602035;%%"
}
@article{TheBABAR:2016rlg,
      author         = "Lees, J. P. and others",
      title          = "{Search for a muonic dark force at BABAR}",
      collaboration  = "BaBar",
      journal        = "Phys. Rev.",
      volume         = "D94",
      year           = "2016",
      number         = "1",
      pages          = "011102",
      doi            = "10.1103/PhysRevD.94.011102",
      eprint         = "1606.03501",
      archivePrefix  = "arXiv",
      primaryClass   = "hep-ex",
      reportNumber   = "BABAR-PUB-16-003, SLAC-PUB-16549",
      SLACcitation   = "%%CITATION = ARXIV:1606.03501;%%"
}
@article{Aad:2014wra,
      author         = "Aad, Georges and others",
      title          = "{Measurements of Four-Lepton Production at the Z
                        Resonance in pp Collisions at $\sqrt s=$7 and 8 TeV with
                        ATLAS}",
      collaboration  = "ATLAS",
      journal        = "Phys. Rev. Lett.",
      volume         = "112",
      year           = "2014",
      number         = "23",
      pages          = "231806",
      doi            = "10.1103/PhysRevLett.112.231806",
      eprint         = "1403.5657",
      archivePrefix  = "arXiv",
      primaryClass   = "hep-ex",
      reportNumber   = "CERN-PH-EP-2014-047",
      SLACcitation   = "%%CITATION = ARXIV:1403.5657;%%"
}
@article{Ibe:2016dir,
      author         = "Ibe, Masahiro and Nakano, Wakutaka and Suzuki, Motoo",
      title          = "{Constraints on $L_\mu-L_\tau$ gauge interactions from
                        rare kaon decay}",
      journal        = "Phys. Rev.",
      volume         = "D95",
      year           = "2017",
      number         = "5",
      pages          = "055022",
      doi            = "10.1103/PhysRevD.95.055022",
      eprint         = "1611.08460",
      archivePrefix  = "arXiv",
      primaryClass   = "hep-ph",
      SLACcitation   = "%%CITATION = ARXIV:1611.08460;%%"
}

@article{Grange:2015fou,
      author         = "Grange, J. and others",
      title          = "{Muon (g-2) Technical Design Report}",
      collaboration  = "Muon g-2",
      year           = "2015",
      eprint         = "1501.06858",
      archivePrefix  = "arXiv",
      primaryClass   = "physics.ins-det",
      reportNumber   = "FERMILAB-FN-0992-E, FERMILAB-DESIGN-2014-02",
      SLACcitation   = "%%CITATION = ARXIV:1501.06858;%%"
}
@article{Blum:2018mom,
      author         = "Blum, T. and Boyle, P. A. and Gülpers, V. and Izubuchi,
                        T. and Jin, L. and Jung, C. and Jüttner, A. and Lehner,
                        C. and Portelli, A. and Tsang, J. T.",
      title          = "{Calculation of the hadronic vacuum polarization
                        contribution to the muon anomalous magnetic moment}",
      collaboration  = "RBC, UKQCD",
      journal        = "Phys. Rev. Lett.",
      volume         = "121",
      year           = "2018",
      number         = "2",
      pages          = "022003",
      doi            = "10.1103/PhysRevLett.121.022003",
      eprint         = "1801.07224",
      archivePrefix  = "arXiv",
      primaryClass   = "hep-lat",
      SLACcitation   = "%%CITATION = ARXIV:1801.07224;%%"
}
@article{Davier:2010nc,
      author         = "Davier, Michel and Hoecker, Andreas and Malaescu, Bogdan
                        and Zhang, Zhiqing",
      title          = "{Reevaluation of the Hadronic Contributions to the Muon
                        g-2 and to alpha(MZ)}",
      journal        = "Eur. Phys. J.",
      volume         = "C71",
      year           = "2011",
      pages          = "1515",
      doi            = "10.1140/epjc/s10052-012-1874-8,
                        10.1140/epjc/s10052-010-1515-z",
      note           = "[Erratum: Eur. Phys. J.C72,1874(2012)]",
      eprint         = "1010.4180",
      archivePrefix  = "arXiv",
      primaryClass   = "hep-ph",
      reportNumber   = "CERN-OPEN-2010-021, LAL-10-155",
      SLACcitation   = "%%CITATION = ARXIV:1010.4180;%%"
}
@article{Geiregat:1990gz,
      author         = "Geiregat, D. and others",
      title          = "{First observation of neutrino trident production}",
      collaboration  = "CHARM-II",
      journal        = "Phys. Lett.",
      volume         = "B245",
      year           = "1990",
      pages          = "271-275",
      doi            = "10.1016/0370-2693(90)90146-W",
      reportNumber   = "CERN-EP-90-75",
      SLACcitation   = "%%CITATION = PHLTA,B245,271;%%"
}

@article{Mishra:1991bv,
      author         = "Mishra, S. R. and others",
      title          = "{Neutrino tridents and W Z interference}",
      collaboration  = "CCFR",
      journal        = "Phys. Rev. Lett.",
      volume         = "66",
      year           = "1991",
      pages          = "3117-3120",
      doi            = "10.1103/PhysRevLett.66.3117",
      reportNumber   = "NEVIS-1437",
      SLACcitation   = "%%CITATION = PRLTA,66,3117;%%"
}
@article{Uhlemann:2008pm,
      author         = "Uhlemann, C. F. and Kauer, N.",
      title          = "{Narrow-width approximation accuracy}",
      journal        = "Nucl. Phys.",
      volume         = "B814",
      year           = "2009",
      pages          = "195-211",
      doi            = "10.1016/j.nuclphysb.2009.01.022",
      eprint         = "0807.4112",
      archivePrefix  = "arXiv",
      primaryClass   = "hep-ph",
      SLACcitation   = "%%CITATION = ARXIV:0807.4112;%%"
}
@article{Bauer:2018onh,
      author         = "Bauer, Martin and Foldenauer, Patrick and Jaeckel, Joerg",
      title          = "{Hunting All the Hidden Photons}",
      journal        = "JHEP",
      volume         = "07",
      year           = "2018",
      pages          = "094",
      doi            = "10.1007/JHEP07(2018)094",
      eprint         = "1803.05466",
      archivePrefix  = "arXiv",
      primaryClass   = "hep-ph",
      SLACcitation   = "%%CITATION = ARXIV:1803.05466;%%"
}

@article{Mohapatra:1980yp,
      author         = "Mohapatra, Rabindra N. and Senjanovic, Goran",
      title          = "{Neutrino Masses and Mixings in Gauge Models with
                        Spontaneous Parity Violation}",
      journal        = "Phys. Rev.",
      volume         = "D23",
      year           = "1981",
      pages          = "165",
      doi            = "10.1103/PhysRevD.23.165",
      reportNumber   = "FERMILAB-PUB-80-061-THY, FERMILAB-PUB-80-061-T",
      SLACcitation   = "%%CITATION = PHRVA,D23,165;%%"
}

@article{Foot:1988aq,
      author         = "Foot, Robert and Lew, H. and He, X. G. and Joshi, Girish
                        C.",
      title          = "{Seesaw Neutrino Masses Induced by a Triplet of Leptons}",
      journal        = "Z. Phys.",
      volume         = "C44",
      year           = "1989",
      pages          = "441",
      doi            = "10.1007/BF01415558",
      reportNumber   = "UM-P-88/89, OZ-P-88/7",
      SLACcitation   = "%%CITATION = ZEPYA,C44,441;%%"
}

@article{Schechter:1980gr,
      author         = "Schechter, J. and Valle, J. W. F.",
      title          = "{Neutrino Masses in SU(2) x U(1) Theories}",
      journal        = "Phys. Rev.",
      volume         = "D22",
      year           = "1980",
      pages          = "2227",
      doi            = "10.1103/PhysRevD.22.2227",
      reportNumber   = "SU-4217-167, COO-3533-167",
      SLACcitation   = "%%CITATION = PHRVA,D22,2227;%%"
}

@article{Lindner:2018kjo,
      author         = "Lindner, Manfred and Queiroz, Farinaldo S. and
                        Rodejohann, Werner and Xu, Xun-Jie",
      title          = "{Neutrino-electron scattering: general constraints on
                        Z$^\prime$ and dark photon models}",
      journal        = "JHEP",
      volume         = "05",
      year           = "2018",
      pages          = "098",
      doi            = "10.1007/JHEP05(2018)098",
      eprint         = "1803.00060",
      archivePrefix  = "arXiv",
      primaryClass   = "hep-ph",
      SLACcitation   = "%%CITATION = ARXIV:1803.00060;%%"
}

@article{Passera:2000ug,
      author         = "Passera, M.",
      title          = "{QED corrections to neutrino electron scattering}",
      journal        = "Phys. Rev.",
      volume         = "D64",
      year           = "2001",
      pages          = "113002",
      doi            = "10.1103/PhysRevD.64.113002",
      eprint         = "hep-ph/0011190",
      archivePrefix  = "arXiv",
      primaryClass   = "hep-ph",
      reportNumber   = "BUTP-2000-11",
      SLACcitation   = "%%CITATION = HEP-PH/0011190;%%"
}

@article{Bahcall:1995mm,
      author         = "Bahcall, John N. and Kamionkowski, Marc and Sirlin,
                        Alberto",
      title          = "{Solar neutrinos: Radiative corrections in neutrino -
                        electron scattering experiments}",
      journal        = "Phys. Rev.",
      volume         = "D51",
      year           = "1995",
      pages          = "6146-6158",
      doi            = "10.1103/PhysRevD.51.6146",
      eprint         = "astro-ph/9502003",
      archivePrefix  = "arXiv",
      primaryClass   = "astro-ph",
      reportNumber   = "IASSNS-AST-95-11, INSTITUTE-FOR-ADVANCED-STUDY-#AST95-11",
      SLACcitation   = "%%CITATION = ASTRO-PH/9502003;%%"
}
@article{Sirunyan:2018nnz,
      author         = "Sirunyan, Albert M and others",
      title          = "{Search for an $L_{\mu}-L_{\tau}$ gauge boson using
                        Z$\to4\mu$ events in proton-proton collisions at $\sqrt{s}
                        =$ 13 TeV}",
      collaboration  = "CMS",
      journal        = "Phys. Lett.",
      volume         = "B792",
      year           = "2019",
      pages          = "345-368",
      doi            = "10.1016/j.physletb.2019.01.072",
      eprint         = "1808.03684",
      archivePrefix  = "arXiv",
      primaryClass   = "hep-ex",
      reportNumber   = "CMS-EXO-18-008, CERN-EP-2018-208",
      SLACcitation   = "%%CITATION = ARXIV:1808.03684;%%"
}
@article{Marciano:2003eq,
      author         = "Marciano, William J. and Parsa, Zohreh",
      title          = "{Neutrino electron scattering theory}",
      journal        = "J. Phys.",
      volume         = "G29",
      year           = "2003",
      pages          = "2629-2645",
      doi            = "10.1088/0954-3899/29/11/013",
      eprint         = "hep-ph/0403168",
      archivePrefix  = "arXiv",
      primaryClass   = "hep-ph",
      SLACcitation   = "%%CITATION = HEP-PH/0403168;%%"
}

@article{King:2013eh,
      author         = "King, Stephen F. and Luhn, Christoph",
      title          = "{Neutrino Mass and Mixing with Discrete Symmetry}",
      journal        = "Rept. Prog. Phys.",
      volume         = "76",
      year           = "2013",
      pages          = "056201",
      doi            = "10.1088/0034-4885/76/5/056201",
      eprint         = "1301.1340",
      archivePrefix  = "arXiv",
      primaryClass   = "hep-ph",
      reportNumber   = "IPPP-12-100, DCPT-12-200",
      SLACcitation   = "%%CITATION = ARXIV:1301.1340;%%"
}

@article{Nath:2016mts,
      author         = "Nath, Newton and Ghosh, Monojit and Goswami, Srubabati
                        and Gupta, Shivani",
      title          = "{Phenomenological study of extended seesaw model for
                        light sterile neutrino}",
      journal        = "JHEP",
      volume         = "03",
      year           = "2017",
      pages          = "075",
      doi            = "10.1007/JHEP03(2017)075",
      eprint         = "1610.09090",
      archivePrefix  = "arXiv",
      primaryClass   = "hep-ph",
      SLACcitation   = "%%CITATION = ARXIV:1610.09090;%%"
}
@article{Ballett:2018ynz,
      author         = "Ballett, Peter and Pascoli, Silvia and Ross-Lonergan,
                        Mark",
      title          = "{U(1)' mediated decays of heavy sterile neutrinos in
                        MiniBooNE}",
      year           = "2018",
      eprint         = "1808.02915",
      archivePrefix  = "arXiv",
      primaryClass   = "hep-ph",
      reportNumber   = "IPPP/18/70",
      SLACcitation   = "%%CITATION = ARXIV:1808.02915;%%"
}

@article{Boehm:2004uq,
      author         = "Boehm, Celine",
      title          = "{Implications of a new light gauge boson for neutrino
                        physics}",
      journal        = "Phys. Rev.",
      volume         = "D70",
      year           = "2004",
      pages          = "055007",
      doi            = "10.1103/PhysRevD.70.055007",
      eprint         = "hep-ph/0405240",
      archivePrefix  = "arXiv",
      primaryClass   = "hep-ph",
      SLACcitation   = "%%CITATION = HEP-PH/0405240;%%"
}

@article{Bertuzzo:2018itn,
      author         = "Bertuzzo, Enrico and Jana, Sudip and Machado, Pedro A. N.
                        and Zukanovich Funchal, Renata",
      title          = "{Dark Neutrino Portal to Explain MiniBooNE excess}",
      journal        = "Phys. Rev. Lett.",
      volume         = "121",
      year           = "2018",
      number         = "24",
      pages          = "241801",
      doi            = "10.1103/PhysRevLett.121.241801",
      eprint         = "1807.09877",
      archivePrefix  = "arXiv",
      primaryClass   = "hep-ph",
      reportNumber   = "FERMILAB-PUB-18-336-T, OSU-HEP-18-04",
      SLACcitation   = "%%CITATION = ARXIV:1807.09877;%%"
}

@article{Esteban:2018azc,
      author         = "Esteban, Ivan and Gonzalez-Garcia, M. C. and
                        Hernandez-Cabezudo, Alvaro and Maltoni, Michele and
                        Schwetz, Thomas",
      title          = "{Global analysis of three-flavour neutrino oscillations:
                        synergies and tensions in the determination of $\theta_{23}$,
                        $\delta_{\rm CP}$, and the mass ordering}",
      year           = "2018",
      eprint         = "1811.05487",
      archivePrefix  = "arXiv",
      primaryClass   = "hep-ph",
      reportNumber   = "IFT-UAM/CSIC-18-112, YITP-SB-18-34",
      SLACcitation   = "%%CITATION = ARXIV:1811.05487;%%"
}

@article{Blennow:2016jkn,
      author         = "Blennow, Mattias and Coloma, Pilar and
                        Fernandez-Martinez, Enrique and Hernandez-Garcia, Josu and
                        Lopez-Pavon, Jacobo",
      title          = "{Non-Unitarity, sterile neutrinos, and Non-Standard
                        neutrino Interactions}",
      journal        = "JHEP",
      volume         = "04",
      year           = "2017",
      pages          = "153",
      doi            = "10.1007/JHEP04(2017)153",
      eprint         = "1609.08637",
      archivePrefix  = "arXiv",
      primaryClass   = "hep-ph",
      reportNumber   = "IFT-UAM-CSIC-16-090, FTUAM-16-35, FERMILAB-PUB-16-400-T",
      SLACcitation   = "%%CITATION = ARXIV:1609.08637;%%"
}

@article{Cheng:1980qt,
      author         = "Cheng, T. P. and Li, Ling-Fong",
      title          = "{Neutrino Masses, Mixings and Oscillations in SU(2) x
                        U(1) Models of Electroweak Interactions}",
      journal        = "Phys. Rev.",
      volume         = "D22",
      year           = "1980",
      pages          = "2860",
      doi            = "10.1103/PhysRevD.22.2860",
      reportNumber   = "PRINT-80-0511 (CARNEGIE-MELLON), COO-3066-152",
      SLACcitation   = "%%CITATION = PHRVA,D22,2860;%%"
}
@article{Lazarides:1980nt,
      author         = "Lazarides, George and Shafi, Q. and Wetterich, C.",
      title          = "{Proton Lifetime and Fermion Masses in an SO(10) Model}",
      journal        = "Nucl. Phys.",
      volume         = "B181",
      year           = "1981",
      pages          = "287-300",
      doi            = "10.1016/0550-3213(81)90354-0",
      reportNumber   = "FREIBURG-THEP-80-2",
      SLACcitation   = "%%CITATION = NUPHA,B181,287;%%"
}

@article{Yanagida:1979as,
      author         = "Yanagida, Tsutomu",
      title          = "{HORIZONTAL SYMMETRY AND MASSES OF NEUTRINOS}",
      booktitle      = "{Proceedings: Workshop on the Unified Theories and the
                        Baryon Number in the Universe: Tsukuba, Japan, February
                        13-14, 1979}",
      journal        = "Conf. Proc.",
      volume         = "C7902131",
      year           = "1979",
      pages          = "95-99",
      reportNumber   = "KEK-79-18-95",
      SLACcitation   = "%%CITATION = CONFP,C7902131,95;%%"
}

@article{GellMann:1980vs,
      author         = "Gell-Mann, Murray and Ramond, Pierre and Slansky,
                        Richard",
      title          = "{Complex Spinors and Unified Theories}",
      booktitle      = "{Supergravity Workshop Stony Brook, New York, September
                        27-28, 1979}",
      journal        = "Conf. Proc.",
      volume         = "C790927",
      year           = "1979",
      pages          = "315-321",
      eprint         = "1306.4669",
      archivePrefix  = "arXiv",
      primaryClass   = "hep-th",
      reportNumber   = "PRINT-80-0576",
      SLACcitation   = "%%CITATION = ARXIV:1306.4669;%%"
}

@article{Mohapatra:1979ia,
      author         = "Mohapatra, Rabindra N. and Senjanovic, Goran",
      title          = "{Neutrino Mass and Spontaneous Parity Violation}",
      journal        = "Phys. Rev. Lett.",
      volume         = "44",
      year           = "1980",
      pages          = "912",
      doi            = "10.1103/PhysRevLett.44.912",
      note           = "[,231(1979)]",
      reportNumber   = "MDDP-TR-80-060, MDDP-PP-80-105, CCNY-HEP-79-10",
      SLACcitation   = "%%CITATION = PRLTA,44,912;%%"
}

@article{Minkowski:1977sc,
      author         = "Minkowski, Peter",
      title          = "{$\mu \to e\gamma$ at a Rate of One Out of $10^{9}$ Muon
                        Decays?}",
      journal        = "Phys. Lett.",
      volume         = "67B",
      year           = "1977",
      pages          = "421-428",
      doi            = "10.1016/0370-2693(77)90435-X",
      reportNumber   = "Print-77-0182 (BERN)",
      SLACcitation   = "%%CITATION = PHLTA,67B,421;%%"
}

@article{Fukugita:1986hr,
      author         = "Fukugita, M. and Yanagida, T.",
      title          = "{Baryogenesis Without Grand Unification}",
      journal        = "Phys. Lett.",
      volume         = "B174",
      year           = "1986",
      pages          = "45-47",
      doi            = "10.1016/0370-2693(86)91126-3",
      reportNumber   = "RIFP-641",
      SLACcitation   = "%%CITATION = PHLTA,B174,45;%%"
}

@article{Asaka:2005pn,
      author         = "Asaka, Takehiko and Shaposhnikov, Mikhail",
      title          = "{The nuMSM, dark matter and baryon asymmetry of the
                        universe}",
      journal        = "Phys. Lett.",
      volume         = "B620",
      year           = "2005",
      pages          = "17-26",
      doi            = "10.1016/j.physletb.2005.06.020",
      eprint         = "hep-ph/0505013",
      archivePrefix  = "arXiv",
      primaryClass   = "hep-ph",
      SLACcitation   = "%%CITATION = HEP-PH/0505013;%%"
}
@article{Asaka:2005an,
      author         = "Asaka, Takehiko and Blanchet, Steve and Shaposhnikov,
                        Mikhail",
      title          = "{The nuMSM, dark matter and neutrino masses}",
      journal        = "Phys. Lett.",
      volume         = "B631",
      year           = "2005",
      pages          = "151-156",
      doi            = "10.1016/j.physletb.2005.09.070",
      eprint         = "hep-ph/0503065",
      archivePrefix  = "arXiv",
      primaryClass   = "hep-ph",
      SLACcitation   = "%%CITATION = HEP-PH/0503065;%%"
}

@article{Ma:2014qra,
      author         = "Ma, Ernest and Srivastava, Rahul",
      title          = "{Dirac or inverse seesaw neutrino masses with $B-L$ gauge
                        symmetry and $S_3$ flavor symmetry}",
      journal        = "Phys. Lett.",
      volume         = "B741",
      year           = "2015",
      pages          = "217-222",
      doi            = "10.1016/j.physletb.2014.12.049",
      eprint         = "1411.5042",
      archivePrefix  = "arXiv",
      primaryClass   = "hep-ph",
      SLACcitation   = "%%CITATION = ARXIV:1411.5042;%%"
}

@article{Aranda:2013gga,
      author         = "Aranda, Alfredo and Bonilla, Cesar and Morisi, S. and
                        Peinado, E. and Valle, J. W. F.",
      title          = "{Dirac neutrinos from flavor symmetry}",
      journal        = "Phys. Rev.",
      volume         = "D89",
      year           = "2014",
      number         = "3",
      pages          = "033001",
      doi            = "10.1103/PhysRevD.89.033001",
      eprint         = "1307.3553",
      archivePrefix  = "arXiv",
      primaryClass   = "hep-ph",
      reportNumber   = "DCP-13-03, IFIC-13-XX",
      SLACcitation   = "%%CITATION = ARXIV:1307.3553;%%"
}

@article{Chulia:2016ngi,
      author         = "Centelles Chuliá, Salvador and Ma, Ernest and
                        Srivastava, Rahul and Valle, José W. F.",
      title          = "{Dirac Neutrinos and Dark Matter Stability from Lepton
                        Quarticity}",
      journal        = "Phys. Lett.",
      volume         = "B767",
      year           = "2017",
      pages          = "209-213",
      doi            = "10.1016/j.physletb.2017.01.070",
      eprint         = "1606.04543",
      archivePrefix  = "arXiv",
      primaryClass   = "hep-ph",
      SLACcitation   = "%%CITATION = ARXIV:1606.04543;%%"
}

@article{Ma:2006km,
      author         = "Ma, Ernest",
      title          = "{Verifiable radiative seesaw mechanism of neutrino mass
                        and dark matter}",
      journal        = "Phys. Rev.",
      volume         = "D73",
      year           = "2006",
      pages          = "077301",
      doi            = "10.1103/PhysRevD.73.077301",
      eprint         = "hep-ph/0601225",
      archivePrefix  = "arXiv",
      primaryClass   = "hep-ph",
      reportNumber   = "UCRHEP-T403",
      SLACcitation   = "%%CITATION = HEP-PH/0601225;%%"
}

@article{Boehm:2006mi,
      author         = "Boehm, Celine and Farzan, Yasaman and Hambye, Thomas and
                        Palomares-Ruiz, Sergio and Pascoli, Silvia",
      title          = "{Is it possible to explain neutrino masses with scalar
                        dark matter?}",
      journal        = "Phys. Rev.",
      volume         = "D77",
      year           = "2008",
      pages          = "043516",
      doi            = "10.1103/PhysRevD.77.043516",
      eprint         = "hep-ph/0612228",
      archivePrefix  = "arXiv",
      primaryClass   = "hep-ph",
      SLACcitation   = "%%CITATION = HEP-PH/0612228;%%"
}

@article{Hannestad:2013ana,
      author         = "Hannestad, Steen and Hansen, Rasmus Sloth and Tram,
                        Thomas",
      title          = "{How Self-Interactions can Reconcile Sterile Neutrinos
                        with Cosmology}",
      journal        = "Phys. Rev. Lett.",
      volume         = "112",
      year           = "2014",
      number         = "3",
      pages          = "031802",
      doi            = "10.1103/PhysRevLett.112.031802",
      eprint         = "1310.5926",
      archivePrefix  = "arXiv",
      primaryClass   = "astro-ph.CO",
      SLACcitation   = "%%CITATION = ARXIV:1310.5926;%%"
}

@article{Dasgupta:2013zpn,
      author         = "Dasgupta, Basudeb and Kopp, Joachim",
      title          = "{Cosmologically Safe eV-Scale Sterile Neutrinos and
                        Improved Dark Matter Structure}",
      journal        = "Phys. Rev. Lett.",
      volume         = "112",
      year           = "2014",
      number         = "3",
      pages          = "031803",
      doi            = "10.1103/PhysRevLett.112.031803",
      eprint         = "1310.6337",
      archivePrefix  = "arXiv",
      primaryClass   = "hep-ph",
      SLACcitation   = "%%CITATION = ARXIV:1310.6337;%%"
}


@article{Farzan:2015doa,
      author         = "Farzan, Yasaman",
      title          = "{A model for large non-standard interactions of neutrinos
                        leading to the LMA-Dark solution}",
      journal        = "Phys. Lett.",
      volume         = "B748",
      year           = "2015",
      pages          = "311-315",
      doi            = "10.1016/j.physletb.2015.07.015",
      eprint         = "1505.06906",
      archivePrefix  = "arXiv",
      primaryClass   = "hep-ph",
      SLACcitation   = "%%CITATION = ARXIV:1505.06906;%%"
}

@article{Denton:2018xmq,
      author         = "Denton, Peter B. and Farzan, Yasaman and Shoemaker, Ian
                        M.",
      title          = "{Testing large non-standard neutrino interactions with
                        arbitrary mediator mass after COHERENT data}",
      journal        = "JHEP",
      volume         = "07",
      year           = "2018",
      pages          = "037",
      doi            = "10.1007/JHEP07(2018)037",
      eprint         = "1804.03660",
      archivePrefix  = "arXiv",
      primaryClass   = "hep-ph",
      SLACcitation   = "%%CITATION = ARXIV:1804.03660;%%"
}

@article{Falkowski:2018dmy,
      author         = "Falkowski, Adam and Grilli di Cortona, Giovanni and
                        Tabrizi, Zahra",
      title          = "{Future DUNE constraints on EFT}",
      journal        = "JHEP",
      volume         = "04",
      year           = "2018",
      pages          = "101",
      doi            = "10.1007/JHEP04(2018)101",
      eprint         = "1802.08296",
      archivePrefix  = "arXiv",
      primaryClass   = "hep-ph",
      reportNumber   = "LPT-Orsay-18-19, LPT-ORSAY-18-19",
      SLACcitation   = "%%CITATION = ARXIV:1802.08296;%%"
}

@article{Araki:2017wyg,
      author         = "Araki, Takeshi and Hoshino, Shihori and Ota, Toshihiko
                        and Sato, Joe and Shimomura, Takashi",
      title          = "{Detecting the $L_{\mu}-L_{\tau}$ gauge boson at Belle
                        II}",
      journal        = "Phys. Rev.",
      volume         = "D95",
      year           = "2017",
      number         = "5",
      pages          = "055006",
      doi            = "10.1103/PhysRevD.95.055006",
      eprint         = "1702.01497",
      archivePrefix  = "arXiv",
      primaryClass   = "hep-ph",
      reportNumber   = "STUPP-17-229, UME-PP-006, YACHAY-PUB-17-01-PN",
      SLACcitation   = "%%CITATION = ARXIV:1702.01497;%%"
}

@article{Ge:2017poy,
      author         = "Ge, Shao-Feng and Lindner, Manfred and Rodejohann,
                        Werner",
      title          = "{Atmospheric Trident Production for Probing New Physics}",
      journal        = "Phys. Lett.",
      volume         = "B772",
      year           = "2017",
      pages          = "164-168",
      doi            = "10.1016/j.physletb.2017.06.020",
      eprint         = "1702.02617",
      archivePrefix  = "arXiv",
      primaryClass   = "hep-ph",
      SLACcitation   = "%%CITATION = ARXIV:1702.02617;%%"
}

@article{Kaneta:2016uyt,
      author         = "Kaneta, Yuya and Shimomura, Takashi",
      title          = "{On the possibility of a search for the $L_\mu - L_\tau$
                        gauge boson at Belle-II and neutrino beam experiments}",
      journal        = "PTEP",
      volume         = "2017",
      year           = "2017",
      number         = "5",
      pages          = "053B04",
      doi            = "10.1093/ptep/ptx050",
      eprint         = "1701.00156",
      archivePrefix  = "arXiv",
      primaryClass   = "hep-ph",
      reportNumber   = "UME-PP-007",
      SLACcitation   = "%%CITATION = ARXIV:1701.00156;%%"
}

@article{Magill:2017mps,
      author         = "Magill, Gabriel and Plestid, Ryan",
      title          = "{Probing new charged scalars with neutrino trident
                        production}",
      journal        = "Phys. Rev.",
      volume         = "D97",
      year           = "2018",
      number         = "5",
      pages          = "055003",
      doi            = "10.1103/PhysRevD.97.055003",
      eprint         = "1710.08431",
      archivePrefix  = "arXiv",
      primaryClass   = "hep-ph",
      SLACcitation   = "%%CITATION = ARXIV:1710.08431;%%"
}

@article{Cerdeno:2016sfi,
      author         = "Cerde\~{n}o, David G. and Fairbairn, Malcolm and Jubb,
                        Thomas and Machado, Pedro A. N. and Vincent, Aaron C. and
                        B\oe\!\;hm, Céline",
      title          = "{Physics from solar neutrinos in dark matter direct
                        detection experiments}",
      journal        = "JHEP",
      volume         = "05",
      year           = "2016",
      pages          = "118",
      doi            = "10.1007/JHEP09(2016)048, 10.1007/JHEP05(2016)118",
      note           = "[Erratum: JHEP09,048(2016)]",
      eprint         = "1604.01025",
      archivePrefix  = "arXiv",
      primaryClass   = "hep-ph",
      reportNumber   = "IFT-UAM-CSIC-16-031, FTUAM-16-12, IPPP-16-27, DCTP-16-54,
                        KCL-PH-TH-2016-19",
      SLACcitation   = "%%CITATION = ARXIV:1604.01025;%%"
}

@article{Park:2015eqa,
      author         = "Park, J. and others",
      title          = "{Measurement of Neutrino Flux from Neutrino-Electron
                        Elastic Scattering}",
      collaboration  = "MINERvA",
      journal        = "Phys. Rev.",
      volume         = "D93",
      year           = "2016",
      number         = "11",
      pages          = "112007",
      doi            = "10.1103/PhysRevD.93.112007",
      eprint         = "1512.07699",
      archivePrefix  = "arXiv",
      primaryClass   = "physics.ins-det",
      reportNumber   = "FERMILAB-PUB-15-575-ND",
      SLACcitation   = "%%CITATION = ARXIV:1512.07699;%%"
}
@phdthesis{Park:2013dax,
      author         = "Park, Jaewon",
      title          = "{Neutrino-Electron Scattering in MINERvA for Constraining
                        the NuMI Neutrino Flux}",
      school         = "U. Rochester",
      year           = "2013",
      url            = "http://lss.fnal.gov/archive/thesis/2000/fermilab-thesis-2013-36.shtml",
      doi            = "10.2172/1248363",
      reportNumber   = "FERMILAB-THESIS-2013-36",
      SLACcitation   = "%%CITATION = FERMILAB-THESIS-2013-36;%%"
}
@article{Kahn:2016vjr,
      author         = "Kahn, Yonatan and Krnjaic, Gordan and Mishra-Sharma,
                        Siddharth and Tait, Tim M. P.",
      title          = "{Light Weakly Coupled Axial Forces: Models, Constraints,
                        and Projections}",
      journal        = "JHEP",
      volume         = "05",
      year           = "2017",
      pages          = "002",
      doi            = "10.1007/JHEP05(2017)002",
      eprint         = "1609.09072",
      archivePrefix  = "arXiv",
      primaryClass   = "hep-ph",
      reportNumber   = "FERMILAB-PUB-16-385-PPD, UCI-HEP-TR-2016-15, MITP-16-098,
                        PUPT-2507",
      SLACcitation   = "%%CITATION = ARXIV:1609.09072;%%"
}
@article{Duyang:2018lpe,
      author         = "Duyang, H. and Guo, B. and Mishra, S. R. and Petti, R.",
      title          = "{A Novel Approach to Neutrino-Hydrogen Measurements}",
      year           = "2018",
      eprint         = "1809.08752",
      archivePrefix  = "arXiv",
      primaryClass   = "hep-ph",
      SLACcitation   = "%%CITATION = ARXIV:1809.08752;%%"
}
@article{Anni1994,
      author         = "Anni, R. and Co, G. and Pellegrino, P.",
      title          = "{Nuclear charge density distributions from elastic
                        electron scattering data}",
      journal        = "Nucl. Phys.",
      volume         = "A584",
      year           = "1995",
      pages          = "35-59",
      doi            = "10.1016/0375-9474(94)00508-K",
      eprint         = "nucl-th/9410023",
      archivePrefix  = "arXiv",
      primaryClass   = "nucl-th",
      SLACcitation   = "%%CITATION = NUCL-TH/9410023;%%"
}
@article{Ballett:2018uuc,
      author         = "Ballett, Peter and Hostert, Matheus and Pascoli, Silvia
                        and Perez-Gonzalez, Yuber F. and Tabrizi, Zahra and
                        Zukanovich Funchal, Renata",
      title          = "{Neutrino Trident Scattering at Near Detectors}",
      journal        = "JHEP",
      volume         = "01",
      year           = "2019",
      pages          = "119",
      doi            = "10.1007/JHEP01(2019)119",
      eprint         = "1807.10973",
      archivePrefix  = "arXiv",
      primaryClass   = "hep-ph",
      reportNumber   = "IPPP/18/64",
      SLACcitation   = "%%CITATION = ARXIV:1807.10973;%%"
}
@article{Sprung1997,
  author={D W L Sprung and J Martorell},
  title={The symmetrized Fermi function and its transforms},
  journal={Journal of Physics A: Mathematical and General},
  volume={30},
  number={18},
  pages={6525},
  url={http://stacks.iop.org/0305-4470/30/i=18/a=026},
  year={1997},
  abstract={The Fermi function is a useful model in many branches of physics, from statistical mechanics to nuclear physics to astrophysics. The symmetrized Fermi function has the advantage that with it, many useful integrals can be evaluated exactly . Strangely, this does not seem to be well known in the physics community.}
}

@article{Hand:1963bb,
      author         = "Hand, L. N.",
      title          = "{Experimental investigation of pion electroproduction}",
      journal        = "Phys. Rev.",
      volume         = "129",
      year           = "1963",
      pages          = "1834-1846",
      doi            = "10.1103/PhysRev.129.1834",
      SLACcitation   = "%%CITATION = PHRVA,129,1834;%%"
}

@article{Friberg:2000nx,
      author         = "Friberg, Christer and Sjostrand, Torbjorn",
      title          = "{Effects of longitudinal photons}",
      journal        = "Phys. Lett.",
      volume         = "B492",
      year           = "2000",
      pages          = "123-134",
      doi            = "10.1016/S0370-2693(00)01084-4",
      eprint         = "hep-ph/0009003",
      archivePrefix  = "arXiv",
      primaryClass   = "hep-ph",
      reportNumber   = "LU-TP-00-31",
      SLACcitation   = "%%CITATION = HEP-PH/0009003;%%"
}

@article{Shabalin:1963aa,
      author         = "Shabalin, E. P.",
      title          = "{The $\mu^+\mu^-$ and $e^+e^-$ pair production cross sections for neutrinos scattered by nuclei}",
      journal        = "JETP",
      volume         = "16",
      year           = "1963",
      pages          = "125"
}

@article{Frixione:1993yw,
      author         = "Frixione, Stefano and Mangano, Michelangelo L. and Nason,
                        Paolo and Ridolfi, Giovanni",
      title          = "{Improving the Weizsacker-Williams approximation in
                        electron - proton collisions}",
      journal        = "Phys. Lett.",
      volume         = "B319",
      year           = "1993",
      pages          = "339-345",
      doi            = "10.1016/0370-2693(93)90823-Z",
      eprint         = "hep-ph/9310350",
      archivePrefix  = "arXiv",
      primaryClass   = "hep-ph",
      reportNumber   = "CERN-TH-7032-93, GEF-TH-18-93",
      SLACcitation   = "%%CITATION = HEP-PH/9310350;%%"
}
@article{Kniehl1990,
      author         = "Kniehl, Bernd A.",
      title          = "{Elastic e p scattering and the Weizsacker-Williams
                        approximation}",
      journal        = "Phys. Lett.",
      volume         = "B254",
      year           = "1991",
      pages          = "267-273",
      doi            = "10.1016/0370-2693(91)90432-P",
      reportNumber   = "MAD-PH-595",
      SLACcitation   = "%%CITATION = PHLTA,B254,267;%%"
}
@article{Fujikawa1971,
      author         = "Fujikawa, K.",
      title          = "{The self-coupling of weak lepton currents in high-energy
                        neutrino and muon reactions}",
      journal        = "Annals Phys.",
      volume         = "68",
      year           = "1971",
      pages          = "102-162",
      doi            = "10.1016/0003-4916(71)90244-2",
      SLACcitation   = "%%CITATION = APNYA,68,102;%%"
}
@article{Brown1973,
      author         = "Brown, R. W. and Hobbs, R. H. and Smith, J. and Stanko,
                        N.",
      title          = "{Intermediate boson. iii. virtual-boson effects in
                        neutrino trident production}",
      journal        = "Phys. Rev.",
      volume         = "D6",
      year           = "1972",
      pages          = "3273-3292",
      doi            = "10.1103/PhysRevD.6.3273",
      SLACcitation   = "%%CITATION = PHRVA,D6,3273;%%"
}

@article{Mertig1990,
      author         = "Mertig, R. and Bohm, M. and Denner, Ansgar",
      title          = "{FEYN CALC: Computer algebraic calculation of Feynman
                        amplitudes}",
      journal        = "Comput. Phys. Commun.",
      volume         = "64",
      year           = "1991",
      pages          = "345-359",
      doi            = "10.1016/0010-4655(91)90130-D",
      reportNumber   = "PRINT-90-0639 (WURZBURG)",
      SLACcitation   = "%%CITATION = CPHCB,64,345;%%"
}
@article{Shtabovenko2016,
      author         = "Shtabovenko, Vladyslav and Mertig, Rolf and Orellana,
                        Frederik",
      title          = "{New Developments in FeynCalc 9.0}",
      journal        = "Comput. Phys. Commun.",
      volume         = "207",
      year           = "2016",
      pages          = "432-444",
      doi            = "10.1016/j.cpc.2016.06.008",
      eprint         = "1601.01167",
      archivePrefix  = "arXiv",
      primaryClass   = "hep-ph",
      reportNumber   = "TUM-EFT-71-15",
      SLACcitation   = "%%CITATION = ARXIV:1601.01167;%%"
}

@article{VanDantzig2008,
archivePrefix = {arXiv},
arxivId = {arXiv:0804.1869v1},
author = {{Van Dantzig}, R and others},
eprint = {arXiv:0804.1869v1},
file = {:mt/home/mhostert/.local/share/data/Mendeley Ltd./Mendeley Desktop/Downloaded/Van Dantzig et al. - 2008 - Leading Order Analysis of Neutrino Induced Dimuon Events in the CHORUS Experiment.pdf:pdf},
keywords = {()},
title = {{Leading Order Analysis of Neutrino Induced Dimuon Events in the CHORUS Experiment}},
url = {https://arxiv.org/pdf/0804.1869.pdf},
year = {2008}
}
@article{Czyz1964,
author = {Czyz, W. and Sheppey, G. C. and Walecka, J. D.},
doi = {10.1007/BF02734586},
issn = {00296341},
journal = {Il Nuovo Cimento},
month = {oct},
number = {2},
pages = {404--435},
title = {{Neutrino production of lepton pairs through the point four-fermion interaction}},
url = {http://link.springer.com/10.1007/BF02734586},
volume = {34},
year = {1964}
}
@article{Hahn2004,
archivePrefix = {arXiv},
arxivId = {hep-ph/0404043},
author = {Hahn, T.},
doi = {10.1016/j.cpc.2005.01.010},
eprint = {0404043},
file = {:mt/home/mhostert/.local/share/data/Mendeley Ltd./Mendeley Desktop/Downloaded/Hahn - 2005 - C UBA — a library for multidimensional numerical integration ✩.pdf:pdf},
month = {apr},
pages = {78--95},
primaryClass = {hep-ph},
title = {{C UBA — a library for multidimensional numerical integration ✩}},
url = {https://arxiv.org/abs/hep-ph/0404043},
volume = {168},
year = {2005}
}
@article{Wascko2006,
author = {Wascko, M.O.},
doi = {10.1016/j.nuclphysbps.2006.08.077},
issn = {09205632},
journal = {Nuclear Physics B - Proceedings Supplements},
month = {sep},
pages = {50--55},
title = {{Charged Current Single Pion Cross Section Measurement at MiniBooNE}},
url = {http://linkinghub.elsevier.com/retrieve/pii/S0920563206005068},
volume = {159},
year = {2006}
}
@article{Belusevic1988,
author = {Belusevic, R. and Smith, J.},
doi = {10.1103/PhysRevD.37.2419},
issn = {05562821},
journal = {Physical Review D},
month = {may},
number = {9},
pages = {2419--2422},
publisher = {American Physical Society},
title = {{W-z interference in -nucleus scattering}},
url = {https://link.aps.org/doi/10.1103/PhysRevD.37.2419},
volume = {37},
year = {1988}
}
@article{Magill2016,
archivePrefix = {arXiv},
arxivId = {1612.05642},
author = {Magill, Gabriel and Plestid, Ryan},
eprint = {1612.05642},
file = {:mt/home/mhostert/.local/share/data/Mendeley Ltd./Mendeley Desktop/Downloaded/Magill, Plestid - 2016 - Neutrino Trident Production at the Intensity Frontier.pdf:pdf},
month = {dec},
title = {{Neutrino Trident Production at the Intensity Frontier}},
url = {http://arxiv.org/abs/1612.05642},
year = {2016}
}
@article{DeGouvea2006,
archivePrefix = {arXiv},
arxivId = {hep-ph/0603036},
author = {{De Gouv{\^{e}}a}, Andr{\'{e}} and Jenkins, James},
doi = {10.1103/PhysRevD.74.033004},
eprint = {0603036},
file = {:mt/home/mhostert/.local/share/data/Mendeley Ltd./Mendeley Desktop/Downloaded/De Gouv{\^{e}}a, Jenkins - 2006 - What can we learn from neutrino electron scattering.pdf:pdf},
issn = {15507998},
journal = {Physical Review D - Particles, Fields, Gravitation and Cosmology},
number = {3},
primaryClass = {hep-ph},
title = {{What can we learn from neutrino electron scattering?}},
url = {https://arxiv.org/pdf/hep-ph/0603036.pdf},
volume = {74},
year = {2006}
}
@article{Aguilar-Arevalo2010,
archivePrefix = {arXiv},
arxivId = {arXiv:1011.3572v1},
author = {Aguilar-Arevalo, A. A. and others},
doi = {10.1103/PhysRevD.83.052007},
eprint = {arXiv:1011.3572v1},
file = {:mt/home/mhostert/.local/share/data/Mendeley Ltd./Mendeley Desktop/Downloaded/Aguilar-Arevalo et al. - 2010 - Measurement of Neutrino-Induced Charged-Current Charged Pion Production Cross Sections on Mineral Oil(2).pdf:pdf},
issn = {15507998},
journal = {Physical Review D - Particles, Fields, Gravitation and Cosmology},
month = {nov},
number = {5},
pages = {29},
title = {{Measurement of Neutrino-Induced Charged-Current Charged Pion Production Cross Sections on Mineral Oil at E{\$}{\_}{\{}\backslashnu{\}}\backslashsim 1{\~{}}\backslashtextrm{\{}GeV{\}}{\$}}},
url = {http://arxiv.org/abs/1011.3572 http://dx.doi.org/10.1103/PhysRevD.83.052007},
volume = {83},
year = {2010}
}
@article{Altmannshofer2014,
      author         = "Altmannshofer, Wolfgang and Gori, Stefania and Pospelov,
                        Maxim and Yavin, Itay",
      title          = "{Neutrino Trident Production: A Powerful Probe of New
                        Physics with Neutrino Beams}",
      journal        = "Phys. Rev. Lett.",
      volume         = "113",
      year           = "2014",
      pages          = "091801",
      doi            = "10.1103/PhysRevLett.113.091801",
      eprint         = "1406.2332",
      archivePrefix  = "arXiv",
      primaryClass   = "hep-ph",
      SLACcitation   = "%%CITATION = ARXIV:1406.2332;%%"
}
@article{Alion2016,
archivePrefix = {arXiv},
arxivId = {1606.09550},
author = {Alion, T. and others},
eprint = {1606.09550},
file = {:mt/home/mhostert/.local/share/data/Mendeley Ltd./Mendeley Desktop/Downloaded/Alion et al. - 2016 - Experiment Simulation Configurations Used in DUNE CDR.pdf:pdf},
month = {jun},
pages = {9},
title = {{Experiment Simulation Configurations Used in DUNE CDR}},
url = {http://arxiv.org/abs/1606.09550},
year = {2016}
}
@article{Chiang2012,
archivePrefix = {arXiv},
arxivId = {1204.6296},
author = {Chiang, Cheng-Wei and Faisel, Gaber and Lin, Yi-Fan and Tandean, Jusak},
doi = {10.1007/JHEP10(2013)150},
eprint = {1204.6296},
file = {:mt/home/mhostert/.local/share/data/Mendeley Ltd./Mendeley Desktop/Downloaded/Chiang et al. - 2012 - Constraining Nonstandard Neutrino-Electron Interactions due to a New Light Spin-1 Boson.pdf:pdf},
month = {apr},
title = {{Constraining Nonstandard Neutrino-Electron Interactions due to a New Light Spin-1 Boson}},
url = {http://arxiv.org/abs/1204.6296 http://dx.doi.org/10.1007/JHEP10(2013)150 http://arxiv.org/abs/1204.6296
http://dx.doi.org/10.1007/JHEP10(2013)150},
year = {2012}
}
@article{T2KCollaboration2016,
archivePrefix = {arXiv},
arxivId = {1605.07964},
author = {Abe, K. and others},
doi = {10.1103/PhysRevD.95.012010},
eprint = {1605.07964},
file = {:mt/home/mhostert/.local/share/data/Mendeley Ltd./Mendeley Desktop/Downloaded/Abe et al. - 2016 - First Measurement of the Muon Neutrino Charged Current Single Pion Production Cross Section on Water with the T2K Ne.pdf:pdf},
month = {may},
pages = {1--10},
title = {{First Measurement of the Muon Neutrino Charged Current Single Pion Production Cross Section on Water with the T2K Near Detector}},
url = {http://arxiv.org/abs/1605.07964 http://dx.doi.org/10.1103/PhysRevD.95.012010},
year = {2016}
}
@article{DUNECDRvolII,
abstract = {The Physics Program for the Deep Underground Neutrino Experiment (DUNE) at the Fermilab Long-Baseline Neutrino Facility (LBNF) is described.},
archivePrefix = {arXiv},
arxivId = {1512.06148},
author = {{DUNE Collaboration}, DUNE and Acciarri, R. and others},
eprint = {1512.06148},
file = {:mt/home/mhostert/.local/share/data/Mendeley Ltd./Mendeley Desktop/Downloaded/Unknown - Unknown - full-text(4).pdf:pdf},
month = {dec},
title = {{Long-Baseline Neutrino Facility (LBNF) and Deep Underground Neutrino Experiment (DUNE) Conceptual Design Report Volume 2: The Physics Program for DUNE at LBNF}},
url = {http://arxiv.org/abs/1512.06148},
year = {2015}
}
@article{Brown,
author = {Brown, R. W and Hobbs, R. H. and Smith, J. and Stanko, N.},
doi = {10.1103/PhysRevD.6.3273},
file = {:mt/home/mhostert/.local/share/data/Mendeley Ltd./Mendeley Desktop/Downloaded/Brown et al. - Unknown - III. Virtual-Boson Effects in Neutrino Trident Production.pdf:pdf},
issn = {05562821},
journal = {Physical Review D},
number = {11},
pages = {3273--3292},
title = {{Intermediate boson. III. Virtual-boson effects in neutrino trident production}},
url = {https://journals.aps.org/prd/pdf/10.1103/PhysRevD.6.3273},
volume = {6},
year = {1972}
}
@article{Jentschura2009,
archivePrefix = {arXiv},
arxivId = {0908.3853},
author = {Jentschura, U. D. and Serbo, V. G.},
doi = {10.1140/epjc/s10052-009-1147-3},
eprint = {0908.3853},
file = {:mt/home/mhostert/.local/share/data/Mendeley Ltd./Mendeley Desktop/Downloaded/Jentschura, Serbo - 2009 - Nuclear form factor, validity of the equivalent photon approximation and Coulomb corrections to muon pair pro.pdf:pdf},
issn = {14346044},
journal = {European Physical Journal C},
month = {aug},
number = {2},
pages = {309--317},
title = {{Nuclear form factor, validity of the equivalent photon approximation and Coulomb corrections to muon pair production in photon-nucleus and nucleus-nucleus collisions}},
url = {http://arxiv.org/abs/0908.3853 http://dx.doi.org/10.1140/epjc/s10052-009-1147-3},
volume = {64},
year = {2009}
}
@article{Lovseth1971,
author = {L{\o}vseth, J{\o}rgen and Radomski, Mark},
doi = {10.1103/PhysRevD.3.2686},
file = {:mt/home/mhostert/.local/share/data/Mendeley Ltd./Mendeley Desktop/Downloaded/Lgvsetht, Radomski - Unknown - Kinematical Distributions of Neutrino-Produced Lepton Triplets.pdf:pdf},
issn = {05562821},
journal = {Physical Review D},
number = {11},
pages = {2686--2706},
title = {{Kinematical distributions of neutrino-produced lepton triplets}},
url = {https://journals.aps.org/prd/pdf/10.1103/PhysRevD.3.2686},
volume = {3},
year = {1971}
}
@article{Laboratories,
author = {Fujikawa, Kazuo},
doi = {10.1016/0003-4916(71)90244-2},
file = {:mt/home/mhostert/.local/share/data/Mendeley Ltd./Mendeley Desktop/Downloaded/Laboratories - Unknown - The Self-Coupling of Weak Lepton Currents in High-Energy Neutrino and Muon Reactions' KAZUO FUJIKAWA.pdf:pdf},
issn = {1096035X},
journal = {Annals of Physics},
number = {1},
pages = {102--162},
title = {{The self-coupling of weak lepton currents in high-energy neutrino and muon reactions}},
url = {https://ac.els-cdn.com/0003491671902442/1-s2.0-0003491671902442-main.pdf?{\_}tid=08aea662-a908-11e7-9eac-00000aab0f27{\&}acdnat=1507123943{\_}106ce85d9a646a1f45a0a1e14d6eaa1d},
volume = {68},
year = {1971}
}
@article{Geiregat1990,
author = {Geiregat, D. and others},
doi = {10.1016/0370-2693(90)90146-W},
issn = {03702693},
journal = {Physics Letters B},
month = {aug},
number = {2},
pages = {271--275},
title = {{First observation of neutrino trident production}},
url = {http://linkinghub.elsevier.com/retrieve/pii/037026939090146W},
volume = {245},
year = {1990}
}
@article{Ge2017,
archivePrefix = {arXiv},
arxivId = {1702.02617},
author = {Ge, Shao-Feng and Lindner, Manfred and Rodejohann, Werner},
eprint = {1702.02617},
file = {:mt/home/mhostert/.local/share/data/Mendeley Ltd./Mendeley Desktop/Downloaded/Ge, Lindner, Rodejohann - 2017 - New Physics and Atmospheric Neutrino Trident Production with PINGU and ORCA.pdf:pdf},
month = {feb},
title = {{New Physics and Atmospheric Neutrino Trident Production with PINGU and ORCA}},
url = {http://arxiv.org/abs/1702.02617},
year = {2017}
}
@article{SBNproposal,
archivePrefix = {arXiv},
arxivId = {1503.01520},
author = {Acciarri, R. and others},
eprint = {1503.01520},
file = {:mt/home/mhostert/.local/share/data/Mendeley Ltd./Mendeley Desktop/Downloaded/Acciarri et al. - 2015 - A Proposal for a Three Detector Short-Baseline Neutrino Oscillation Program in the Fermilab Booster Neutrino Be.pdf:pdf},
month = {mar},
pages = {209},
title = {{A Proposal for a Three Detector Short-Baseline Neutrino Oscillation Program in the Fermilab Booster Neutrino Beam}},
url = {http://arxiv.org/abs/1503.01520},
year = {2015}
}
@article{Zeller2002,
archivePrefix = {arXiv},
arxivId = {hep-ex/0204007},
author = {Zeller, G P and others},
doi = {10.1142/S0217751X0502121X},
eprint = {0204007},
file = {:mt/home/mhostert/.local/share/data/Mendeley Ltd./Mendeley Desktop/Downloaded/Zeller et al. - 2002 - Precise determination of electroweak parameters in neutrino-nucleon scattering.pdf:pdf},
issn = {0031-9007},
journal = {Physical Review Letters},
number = {9},
pages = {091802},
pmid = {11863995},
primaryClass = {hep-ex},
title = {{Precise determination of electroweak parameters in neutrino-nucleon scattering.}},
url = {https://journals.aps.org/prl/pdf/10.1103/PhysRevLett.88.091802},
volume = {88},
year = {2002}
}

@article{Arcadi2013,
      author         = "Arcadi, Giorgio and Mambrini, Yann and Tytgat, Michel H.
                        G. and Zaldivar, Bryan",
      title          = "{Invisible $Z^\prime$ and dark matter: LHC vs LUX
                        constraints}",
      journal        = "JHEP",
      volume         = "03",
      year           = "2014",
      pages          = "134",
      doi            = "10.1007/JHEP03(2014)134",
      eprint         = "1401.0221",
      archivePrefix  = "arXiv",
      primaryClass   = "hep-ph",
      SLACcitation   = "%%CITATION = ARXIV:1401.0221;%%"
}

@article{Formaggio2013,
      author         = "Formaggio, J. A. and Zeller, G. P.",
      title          = "{From eV to EeV: Neutrino Cross Sections Across Energy
                        Scales}",
      journal        = "Rev. Mod. Phys.",
      volume         = "84",
      year           = "2012",
      pages          = "1307-1341",
      doi            = "10.1103/RevModPhys.84.1307",
      eprint         = "1305.7513",
      archivePrefix  = "arXiv",
      primaryClass   = "hep-ex",
      reportNumber   = "FERMILAB-PUB-12-785-E",
      SLACcitation   = "%%CITATION = ARXIV:1305.7513;%%"
}

Hep :: HepNames :: Institutions :: Conferences :: Jobs :: Experiments :: Journals :: Help
@article{Garvey1993,
      author         = "Garvey, G. and Kolbe, E. and Langanke, K. and Krewald,
                        S.",
      title          = "{Role of strange quarks in quasielastic neutrino
                        scattering}",
      journal        = "Phys. Rev.",
      volume         = "C48",
      year           = "1993",
      pages          = "1919-1925",
      doi            = "10.1103/PhysRevC.48.1919",
      SLACcitation   = "%%CITATION = PHRVA,C48,1919;%%"
}

@article{AguilarArevalo2010,
      author         = "Aguilar-Arevalo, A. A. and others",
      title          = "{Measurement of the Neutrino Neutral-Current Elastic
                        Differential Cross Section on Mineral Oil at $E_\nu \sim
                        1$ GeV}",
      collaboration  = "MiniBooNE",
      journal        = "Phys. Rev.",
      volume         = "D82",
      year           = "2010",
      pages          = "092005",
      doi            = "10.1103/PhysRevD.82.092005",
      eprint         = "1007.4730",
      archivePrefix  = "arXiv",
      primaryClass   = "hep-ex",
      reportNumber   = "FERMILAB-PUB-10-250-E",
      SLACcitation   = "%%CITATION = ARXIV:1007.4730;%%"
}


@article{Heeck:2014zfa,
      author         = "Heeck, Julian",
      title          = "{Unbroken B – L symmetry}",
      journal        = "Phys. Lett.",
      volume         = "B739",
      year           = "2014",
      pages          = "256-262",
      doi            = "10.1016/j.physletb.2014.10.067",
      eprint         = "1408.6845",
      archivePrefix  = "arXiv",
      primaryClass   = "hep-ph",
      SLACcitation   = "%%CITATION = ARXIV:1408.6845;%%"
}

@article{Jeong:2015bbi,
      author         = "Jeong, Yu Seon and Kim, C. S. and Lee, Hye-Sung",
      title          = "{Constraints on the $U(1)_L$ gauge boson in a wide mass
                        range}",
      journal        = "Int. J. Mod. Phys.",
      volume         = "A31",
      year           = "2016",
      number         = "11",
      pages          = "1650059",
      doi            = "10.1142/S0217751X16500597",
      eprint         = "1512.03179",
      archivePrefix  = "arXiv",
      primaryClass   = "hep-ph",
      reportNumber   = "CERN-PH-TH-2015-285",
      SLACcitation   = "%%CITATION = ARXIV:1512.03179;%%"
}

@article{Bilmis:2015lja,
      author         = "Bilmis, S. and Turan, I. and Aliev, T. M. and Deniz, M.
                        and Singh, L. and Wong, H. T.",
      title          = "{Constraints on Dark Photon from Neutrino-Electron
                        Scattering Experiments}",
      journal        = "Phys. Rev.",
      volume         = "D92",
      year           = "2015",
      number         = "3",
      pages          = "033009",
      doi            = "10.1103/PhysRevD.92.033009",
      eprint         = "1502.07763",
      archivePrefix  = "arXiv",
      primaryClass   = "hep-ph",
      SLACcitation   = "%%CITATION = ARXIV:1502.07763;%%"
}

@article{Holder:1977gp,
      author         = "Holder, M. and others",
      title          = "{Observation of Trimuon Events Produced in Neutrino and
                        anti-neutrino Interactions}",
      journal        = "Phys. Lett.",
      volume         = "70B",
      year           = "1977",
      pages          = "393-395",
      doi            = "10.1016/0370-2693(77)90685-2",
      reportNumber   = "PRINT-77-0745 (CERN)",
      SLACcitation   = "%%CITATION = PHLTA,70B,393;%%"
}
@article{Altmannshofer:2019zhy,
      author         = "Altmannshofer, Wolfgang and Gori, Stefania and
                        Martin-Albo, Justo and Sousa, Alexandre and Wallbank,
                        Michael",
      title          = "{Neutrino Tridents at DUNE}",
      year           = "2019",
      eprint         = "1902.06765",
      archivePrefix  = "arXiv",
      primaryClass   = "hep-ph",
      SLACcitation   = "%%CITATION = ARXIV:1902.06765;%%"
}
@article{Hansl-Kozanecka:132821,
      author        = "Hansl-Kozanecka, Traudl and Holder, M and Knobloch, J and
                       May, J and Paar, H P and Hansl, T and Palazzi, P and Para,
                       A and Ranjard, F and Schlatter, W D and Steinberger, Jack
                       and Suter, H and von Rüden, Wolfgang and Wahl, H and
                       Whitaker, S and Williams, E G H and Eisele, Franz and
                       Kleinknecht, K and Lierl, H and Spahn, G and Willutzki, H J
                       and Dorth, W and Dydak, Friedrich and Geweniger, C and
                       Hepp, V and Tittel, K and Wotschack, J and Bloch, P and
                       Devaux, B and Loucatos, Sotirios S and Maillard, J and
                       Peyaud, B and Rander, J and Savoy-Navarro, Aurore and
                       Turlay, René and Navarria, Francesco Luigi",
      title         = "{Origin of trimuon events in high-energy neutrino
                       interactions}",
      journal       = "Phys. Lett. B",
      number        = "1",
      volume        = "77",
      pages         = "114-118. 9 p",
      month         = "May",
      year          = "1978",
      url           = "http://cds.cern.ch/record/132821",
}

@article{KayisTopaksu:2004ea,
      author         = "Kayis-Topaksu, A. and others",
      title          = "{Experimental study of trimuon events in neutrino
                        charged-current interactions}",
      collaboration  = "CHORUS",
      journal        = "Phys. Lett.",
      volume         = "B596",
      year           = "2004",
      pages          = "44-53",
      doi            = "10.1016/j.physletb.2004.06.081",
      reportNumber   = "CERN-PH-EP-2004-029",
      SLACcitation   = "%%CITATION = PHLTA,B596,44;%%"
}

@article{Smith1979,
author = {Smith, J},
journal = {Nuclear Physics},
number = {451},
title = {{TRILEPTON PRODUCTION BY NEUTRINOS AND ANTINEUTRINOS}},
url = {https://ac.els-cdn.com/0550321379901159/1-s2.0-0550321379901159-main.pdf?{\_}tid=b6e33736-a906-11e7-91d7-00000aab0f6b{\&}acdnat=1507123376{\_}3dccd0a1b0dcda4307b0e4fe0eb96a1e},
volume = {157},
year = {1979}
}
@article{Palladino2016,
author = {Palladino, Anthony},
doi = {10.1016/j.nuclphysbps.2015.09.091},
issn = {24056014},
journal = {Nuclear and Particle Physics Proceedings},
keywords = {Dark Higgs,Dark matter,Dark photon,E+e- collisions,Initial state radiation,Muon anomaly,U boson},
pages = {608--612},
title = {{Searches for Dark Forces with KLOE}},
url = {http://inspirehep.net/record/1467732/files/10.1016{\_}j.nuclphysbps.2015.09.091.pdf},
volume = {273-275},
year = {2016}
}
@article{Flanz2000,
archivePrefix = {arXiv},
arxivId = {hep-ph/9907203},
author = {Flanz, M and Rodejohann, W and Zuber, K},
doi = {10.1007/s100520000422},
eprint = {9907203},
issn = {1434-6044},
journal = {The European Physical Journal C},
keywords = {double beta decay,lepton,massive neutrinos,number violation},
number = {3},
pages = {453--460},
primaryClass = {hep-ph},
title = {{Trimuon production in nu-N-scattering as a probe of massive neutrinos}},
volume = {16},
year = {2000}
}
@article{Benvenuti1977,
author = {Benvenuti, A. and others},
doi = {10.1103/PhysRevLett.38.1110},
file = {:mt/home/mhostert/.local/share/data/Mendeley Ltd./Mendeley Desktop/Downloaded/Benvenuti et al. - 1977 - Observation of a New Process with Trimuon Production by High-Energy Neutrinos.pdf:pdf},
issn = {00319007},
journal = {Physical Review Letters},
keywords = {ANTINEUTRINO NUCLEON: INCLUSIVE REACTION,BATAVIA PS,EXPERIMENTAL RESULTS: MAGNETIC SPECTROMETER,FINAL STATE: (3MUON),HEAVY LEPTON: NEUTRINOPRODUCTION,MAGNETIC SPECTROMETER: EXPERIMENTAL RESULTS,NEUTRINO NUCLEON: INCLUSIVE REACTION},
month = {may},
number = {20},
pages = {1110--1113},
title = {{Observation of a new process with trimuon production by high-energy neutrinos}},
url = {https://link.aps.org/doi/10.1103/PhysRevLett.38.1110},
volume = {38},
year = {1977}
}
@article{Barish1977,
author = {Barish, B. C. and Bartlett, J. F. and Bodek, A. and Brown, K. W. and Buchholz, D. and Chu, Y. K. and Sciulli, F. and Siskind, E. and Stutte, L. and Fisk, E. and Krafczyk, G. and Nease, D. and Fackler, O.},
doi = {10.1103/PhysRevLett.38.577},
issn = {0031-9007},
journal = {Physical Review Letters},
keywords = {47: 105 GEV,BACKGROUND,BATAVIA PS,ENERGY DEPENDENCE,EXPERIMENTAL RESULTS: SPARK CHAMBER,FINAL STATE: (3MUON),INTERACTION: NEUTRINO NUCLEON,NEUTRINO NUCLEON: INTERACTION,SPARK CHAMBER: EXPERIMENTAL RESULTS,TRACK DATA ANALYSIS},
month = {mar},
number = {11},
pages = {577--580},
title = {{Observation of Trimuon Production by Neutrinos}},
url = {https://link.aps.org/doi/10.1103/PhysRevLett.38.577},
volume = {38},
year = {1977}
}
@article{SmithCERNGeneva,
author = {{Smith CERN Geneva}, J},
title = {{LATEST R?BULTS ON MULT IMUON PRODUCTION}},
url = {http://inspirehep.net/record/148714/files/Pages{\_}from{\_}C79-03-11--1{\_}631-639.pdf}
}
@article{Smith1978,
author = {Smith, J and Vermaseren, J A M},
number = {9},
title = {{PH YSICAL RE VIE{\%} 0 Electromagnetic backgrounds in neutrino-produced trimuon events}},
url = {https://journals.aps.org/prd/pdf/10.1103/PhysRevD.17.2288},
volume = {17},
year = {1978}
}
@article{deGouvea:2006hfo,
      author         = "de Gouvea, Andre and Jenkins, James",
      title          = "{What can we learn from neutrino electron scattering?}",
      journal        = "Phys. Rev.",
      volume         = "D74",
      year           = "2006",
      pages          = "033004",
      doi            = "10.1103/PhysRevD.74.033004",
      eprint         = "hep-ph/0603036",
      archivePrefix  = "arXiv",
      primaryClass   = "hep-ph",
      reportNumber   = "NUHEP-TH-06-03",
      SLACcitation   = "%%CITATION = HEP-PH/0603036;%%"
}
@article{Bertuzzo:2017sbj,
      author         = "Bertuzzo, Enrico and Machado, Pedro A. N. and Tabrizi,
                        Zahra and Zukanovich Funchal, Renata",
      title          = "{A Neutrinophilic 2HDM as a UV Completion for the Inverse
                        Seesaw Mechanism}",
      journal        = "JHEP",
      volume         = "11",
      year           = "2017",
      pages          = "004",
      doi            = "10.1007/JHEP11(2017)004",
      eprint         = "1706.10000",
      archivePrefix  = "arXiv",
      primaryClass   = "hep-ph",
      reportNumber   = "FERMILAB-PUB-17-210-T",
      SLACcitation   = "%%CITATION = ARXIV:1706.10000;%%"
}


@inproceedings{Bian:2017axs,
      author         = "Bian, Jianming",
      title          = "{Measurement of Neutrino-Electron Elastic Scattering at
                        NOvA Near Detector}",
      booktitle      = "{Proceedings, Meeting of the APS Division of Particles
                        and Fields (DPF 2017): Fermilab, Batavia, Illinois, USA,
                        July 31 - August 4, 2017}",
      year           = "2017",
      eprint         = "1710.03428",
      archivePrefix  = "arXiv",
      primaryClass   = "hep-ex",
      SLACcitation   = "%%CITATION = ARXIV:1710.03428;%%"
}
@article{Keshavarzi:2018mgv,
      author         = "Keshavarzi, Alexander and Nomura, Daisuke and Teubner,
                        Thomas",
      title          = "{Muon $g-2$ and $\alpha(M_Z^2)$: a new data-based
                        analysis}",
      journal        = "Phys. Rev.",
      volume         = "D97",
      year           = "2018",
      number         = "11",
      pages          = "114025",
      doi            = "10.1103/PhysRevD.97.114025",
      eprint         = "1802.02995",
      archivePrefix  = "arXiv",
      primaryClass   = "hep-ph",
      reportNumber   = "LTH 1153, KEK-TH-2035, LTH-1153, YITP-18-09, LTH 1153;
                        KEK-TH-2035; YITP-18-09",
      SLACcitation   = "%%CITATION = ARXIV:1802.02995;%%"
}
@article{Gabriel:2006ns,
      author         = "Gabriel, S. and Nandi, S.",
      title          = "{A New two Higgs doublet model}",
      journal        = "Phys. Lett.",
      volume         = "B655",
      year           = "2007",
      pages          = "141-147",
      doi            = "10.1016/j.physletb.2007.04.062",
      eprint         = "hep-ph/0610253",
      archivePrefix  = "arXiv",
      primaryClass   = "hep-ph",
      reportNumber   = "OSU-HEP-06-6",
      SLACcitation   = "%%CITATION = HEP-PH/0610253;%%"
}

@article{Davidson:2009ha,
      author         = "Davidson, Shainen M. and Logan, Heather E.",
      title          = "{Dirac neutrinos from a second Higgs doublet}",
      journal        = "Phys. Rev.",
      volume         = "D80",
      year           = "2009",
      pages          = "095008",
      doi            = "10.1103/PhysRevD.80.095008",
      eprint         = "0906.3335",
      archivePrefix  = "arXiv",
      primaryClass   = "hep-ph",
      SLACcitation   = "%%CITATION = ARXIV:0906.3335;%%"
}
@article{Kelly:2019wow,
      author         = "Kelly, Kevin J. and Zhang, Yue",
      title          = "{Mono-Neutrino at DUNE: New Signals From Neutrinophilic
                        Thermal Dark Matter}",
      year           = "2019",
      eprint         = "1901.01259",
      archivePrefix  = "arXiv",
      primaryClass   = "hep-ph",
      reportNumber   = "FERMILAB-PUB-19-002-T",
      SLACcitation   = "%%CITATION = ARXIV:1901.01259;%%"
}
@unpublished{DUNE:GArOption,
  collaboration = {DUNE},
  title = "{High-Pressure Argon gas TPC Option for the DUNE Near Detector}",
  note = "\url{DUNE-doc-12388-v1}",
  year = "2019"
}
@unpublished{PettiTalk,
  author = {R Petti},
  title = "{“Precision measurements of fundamental interactions in the ND(s)}",
  note = "\url{https://indico.cern.ch/event/721473/contributions/3034869/}",
  year = "2018"
}

@unpublished{DUNE:flux,
  collaboration = {DUNE},
  title = "{DUNE 2015 CDR fluxes}",
  note = "\url{http://home.fnal.gov/~ljf26/DUNE2015CDRFluxes/}",
  year = "2015"
}

@unpublished{DUNE:flux_updated,
  collaboration = {DUNE},
  title = "{2016 DUNE fluxes}",
  note = "\url{http://home.fnal.gov/~ljf26/DUNEFluxes/}",
  year = "2017"
}

@misc{b_c_allanach_2018_1478085,
  author       = {B C Allanach and
                  J Davighi and
                  S Melville},
  title        = {{Anomaly-free, flavour-dependent U(1) charge 
                   assignments for Standard Model/Standard Model plus
                   three right-handed neutrino fermionic content}},
  month        = dec,
  year         = 2018,
  doi          = {10.5281/zenodo.1478085},
  url          = {https://doi.org/10.5281/zenodo.1478085}
}
@article{Allanach:2018vjg,
      author         = "Allanach, B. C. and Davighi, Joe and Melville, Scott",
      title          = "{An Anomaly-free Atlas: charting the space of
                        flavour-dependent gauged $U(1)$ extensions of the Standard
                        Model}",
      year           = "2018",
      eprint         = "1812.04602",
      archivePrefix  = "arXiv",
      primaryClass   = "hep-ph",
      reportNumber   = "DAMTP-2018-41",
      SLACcitation   = "%%CITATION = ARXIV:1812.04602;%%"
}

@article{Escudero:2019gzq,
      author         = "Escudero, Miguel and Hooper, Dan and Krnjaic, Gordan and
                        Pierre, Mathias",
      title          = "{Cosmology With a Very Light $L_\mu - L_\tau$ Gauge
                        Boson}",
      year           = "2019",
      eprint         = "1901.02010",
      archivePrefix  = "arXiv",
      primaryClass   = "hep-ph",
      reportNumber   = "FERMILAB-PUB-19-001-A, LPT-Orsay-18-15, IFIC-19-02,
                        KCL-19-01,
  IFT-UAM/CSIC-19-7, KCL-19-01",
      SLACcitation   = "%%CITATION = ARXIV:1901.02010;%%"
}

@article{Falkowski:2019xoe,
      author         = "Falkowski, Adam and González-Alonso, Martín and
                        Tabrizi, Zahra",
      title          = "{Reactor neutrino oscillations as constraints on
                        Effective Field Theory}",
      year           = "2019",
      eprint         = "1901.04553",
      archivePrefix  = "arXiv",
      primaryClass   = "hep-ph",
      reportNumber   = "CERN-TH-2019-002, LPT Orsay 19-02, CERN-TH-2019-002 LPT
                        Orsay 19-02",
      SLACcitation   = "%%CITATION = ARXIV:1901.04553;%%"
}
@article{Bakhti:2018avv,
      author         = "Bakhti, P. and Farzan, Y. and Rajaee, M.",
      title          = "{Secret interactions of neutrinos with light gauge boson
                        at the DUNE near detector}",
      journal        = "Phys. Rev.",
      volume         = "D99",
      year           = "2019",
      number         = "5",
      pages          = "055019",
      doi            = "10.1103/PhysRevD.99.055019",
      eprint         = "1810.04441",
      archivePrefix  = "arXiv",
      primaryClass   = "hep-ph",
      SLACcitation   = "%%CITATION = ARXIV:1810.04441;%%"
}
@article{PhysRevD.93.093019,
  title = {Global analysis of the source and detector nonstandard interactions using the short baseline $\ensuremath{\nu}\ensuremath{-}e$ and $\overline{\ensuremath{\nu}}\ensuremath{-}e$ scattering data},
  author = {Khan, Amir N.},
  journal = {Phys. Rev. D},
  volume = {93},
  issue = {9},
  pages = {093019},
  numpages = {10},
  year = {2016},
  month = {May},
  publisher = {American Physical Society},
  doi = {10.1103/PhysRevD.93.093019},
  url = {https://link.aps.org/doi/10.1103/PhysRevD.93.093019}
}

@article{Bustamante:2018mzu,
      author         = "Bustamante, Mauricio and Agarwalla, Sanjib Kumar",
      title          = "{Universe's Worth of Electrons to Probe Long-Range
                        Interactions of High-Energy Astrophysical Neutrinos}",
      journal        = "Phys. Rev. Lett.",
      volume         = "122",
      year           = "2019",
      number         = "6",
      pages          = "061103",
      doi            = "10.1103/PhysRevLett.122.061103",
      eprint         = "1808.02042",
      archivePrefix  = "arXiv",
      primaryClass   = "astro-ph.HE",
      reportNumber   = "IP/BBSR/2018-13",
      SLACcitation   = "%%CITATION = ARXIV:1808.02042;%%"
}
@article{Kamada:2018zxi,
      author         = "Kamada, Ayuki and Kaneta, Kunio and Yanagi, Keisuke and
                        Yu, Hai-Bo",
      title          = "{Self-interacting dark matter and muon $g-2$ in a gauged
                        U$(1)_{L_{\mu} - L_{\tau}}$ model}",
      journal        = "JHEP",
      volume         = "06",
      year           = "2018",
      pages          = "117",
      doi            = "10.1007/JHEP06(2018)117",
      eprint         = "1805.00651",
      archivePrefix  = "arXiv",
      primaryClass   = "hep-ph",
      reportNumber   = "CTPU-PTC-18-10, UMN-TH-3716/18, FTPI-MINN-18/07,
                        UT-18-10, UMN-TH-3716-18, FTPI-MINN-18-07",
      SLACcitation   = "%%CITATION = ARXIV:1805.00651;%%"
}
@article{Arguelles:2018mtc,
      author         = "Argüelles, Carlos A. and Hostert, Matheus and Tsai,
                        Yu-Dai",
      title          = "{Testing New Physics Explanations of MiniBooNE Anomaly at
                        Neutrino Scattering Experiments}",
      year           = "2018",
      eprint         = "1812.08768",
      archivePrefix  = "arXiv",
      primaryClass   = "hep-ph",
      reportNumber   = "IPPP/18/113/FERMILAB-PUB-18-686-A-ND-PPD-T",
      SLACcitation   = "%%CITATION = ARXIV:1812.08768;%%"
}
@article{Chu:2018gxk,
      author         = "Chu, Xiaoyong and Dasgupta, Basudeb and Dentler, Mona and
                        Kopp, Joachim and Saviano, Ninetta",
      title          = "{Sterile neutrinos with secret
                        interactions—cosmological discord?}",
      journal        = "JCAP",
      volume         = "1811",
      year           = "2018",
      number         = "11",
      pages          = "049",
      doi            = "10.1088/1475-7516/2018/11/049",
      eprint         = "1806.10629",
      archivePrefix  = "arXiv",
      primaryClass   = "hep-ph",
      SLACcitation   = "%%CITATION = ARXIV:1806.10629;%%"
}
@article{Esmaili:2018qzu,
      author         = "Esmaili, Arman and Nunokawa, Hiroshi",
      title          = "{On the robustness of IceCube's bound on sterile
                        neutrinos in the presence of non-standard interactions}",
      journal        = "Eur. Phys. J.",
      volume         = "C79",
      year           = "2019",
      number         = "1",
      pages          = "70",
      doi            = "10.1140/epjc/s10052-019-6595-9",
      eprint         = "1810.11940",
      archivePrefix  = "arXiv",
      primaryClass   = "hep-ph",
      SLACcitation   = "%%CITATION = ARXIV:1810.11940;%%"
}
@article{Mirizzi:2014ama,
      author         = "Mirizzi, Alessandro and Mangano, Gianpiero and Pisanti,
                        Ofelia and Saviano, Ninetta",
      title          = "{Collisional production of sterile neutrinos via secret
                        interactions and cosmological implications}",
      journal        = "Phys. Rev.",
      volume         = "D91",
      year           = "2015",
      number         = "2",
      pages          = "025019",
      doi            = "10.1103/PhysRevD.91.025019",
      eprint         = "1410.1385",
      archivePrefix  = "arXiv",
      primaryClass   = "hep-ph",
      reportNumber   = "IPPP-14-87, DCPT-14-174",
      SLACcitation   = "%%CITATION = ARXIV:1410.1385;%%"
}
@article{Capozzi:2017auw,
      author         = "Capozzi, Francesco and Shoemaker, Ian M. and Vecchi,
                        Luca",
      title          = "{Solar Neutrinos as a Probe of Dark Matter-Neutrino
                        Interactions}",
      journal        = "JCAP",
      volume         = "1707",
      year           = "2017",
      number         = "07",
      pages          = "021",
      doi            = "10.1088/1475-7516/2017/07/021",
      eprint         = "1702.08464",
      archivePrefix  = "arXiv",
      primaryClass   = "hep-ph",
      SLACcitation   = "%%CITATION = ARXIV:1702.08464;%%"
}
@article{Cherry:2014xra,
      author         = "Cherry, John F. and Friedland, Alexander and Shoemaker,
                        Ian M.",
      title          = "{Neutrino Portal Dark Matter: From Dwarf Galaxies to
                        IceCube}",
      year           = "2014",
      eprint         = "1411.1071",
      archivePrefix  = "arXiv",
      primaryClass   = "hep-ph",
      reportNumber   = "CP3-Origins-2014-034, DIAS-2014-34, LA-UR-14-28339",
      SLACcitation   = "%%CITATION = ARXIV:1411.1071;%%"
}
@article{Cherry:2016jol,
      author         = "Cherry, John F. and Friedland, Alexander and Shoemaker,
                        Ian M.",
      title          = "{Short-baseline neutrino oscillations, Planck, and
                        IceCube}",
      year           = "2016",
      eprint         = "1605.06506",
      archivePrefix  = "arXiv",
      primaryClass   = "hep-ph",
      reportNumber   = "SLAC-PUB-16517",
      SLACcitation   = "%%CITATION = ARXIV:1605.06506;%%"
}
@article{Denton:2018dqq,
      author         = "Denton, Peter B. and Farzan, Yasaman and Shoemaker, Ian
                        M.",
      title          = "{Activating the fourth neutrino of the 3+1 scheme}",
      journal        = "Phys. Rev.",
      volume         = "D99",
      year           = "2019",
      number         = "3",
      pages          = "035003",
      doi            = "10.1103/PhysRevD.99.035003",
      eprint         = "1811.01310",
      archivePrefix  = "arXiv",
      primaryClass   = "hep-ph",
      SLACcitation   = "%%CITATION = ARXIV:1811.01310;%%"
}